3218 5446
707 549 729 606 I.
751 551 790 604 De
808 555 909 604 natura
927 550 1100 606 tolerantiae.

357 742 468 798 actum
503 734 697 818 negativum
720 733 823 817 ponit,
859 752 926 795 non
951 730 1074 794 dicitur
1098 727 1300 814 dispensare,
1325 750 1366 793 aa·
1389 751 1449 814 quo

358 841 446 895 actua
468 832 632 918 negativae
654 828 703 893 nil
724 829 875 916 inform),
908 838 1022 914 postea
1054 831 1088 892 in
1122 829 1256 892 eximiis
1284 830 1352 892 suis
1376 849 1450 892 con-

358 928 441 992 siliis
464 949 534 992 rem
559 929 664 994 fusius
687 936 881 1014 prosecutus
896 928 985 991 inter
1000 925 1068 991 alia
1082 925 1165 990 haec
1179 926 1310 990 scribit:
1335 925 1453 1007 ,Actus

358 1028 529 1112 principis,
555 1028 612 1112 qui
636 1035 687 1090 est
710 1029 744 1091 in
767 1027 837 1112 pati
862 1026 975 1110 etqui
1001 1024 1123 1088 dicitur
1147 1026 1333 1109 negativus,
1359 1023 1392 1089 h.
1412 1045 1452 1106 e.,

359 1126 416 1210 qui
440 1124 525 1189 nihil
548 1127 651 1211 ponit,
684 1145 751 1189 non
776 1124 908 1188 inducit
938 1123 1232 1208 dispensationem,
1267 1123 1347 1208 quia
1377 1123 1453 1186 talis

359 1232 453 1287 aetus
477 1244 674 1288 consensum
700 1245 766 1287 non
791 1221 990 1303 contiuet‘²).

450 1320 561 1386 Card.
593 1321 743 1386 Tuschi
772 1321 1015 1402 Dominic.,³)
1054 1319 1336 1404 praecedentium,
1371 1341 1453 1405 quos

360 1440 480 1504 magno
497 1441 634 1484 numero
658 1419 782 1500 laudat,
811 1419 1081 1505 jurisperitorum
1105 1417 1291 1482 doctrinam
1308 1415 1455 1481 breviter

360 1516 562 1602 complexus,
572 1516 689 1582 tradit:
698 1517 893 1598 ,Peractum
903 1517 1065 1601 principis
1081 1517 1315 1580 consistentem
1329 1517 1363 1579 in
1372 1517 1453 1601 pati,

360 1625 393 1679 et
416 1617 464 1679 sic
486 1637 547 1701 per
569 1625 680 1680 actum
705 1616 899 1699 negativum
931 1636 997 1679 non
1025 1614 1197 1679 inducitur
1231 1613 1451 1699 dispensatio;

360 1735 465 1795 aecus,
490 1713 623 1798 quando
647 1714 772 1777 factum
797 1713 960 1798 principis
984 1715 1135 1777 consistit
1158 1715 1192 1776 in
1214 1712 1364 1797 agere‘4).

449 1810 545 1875 Patet
568 1811 644 1896 ergo
669 1811 890 1890 tolerantiam,
919 1812 954 1875 in
979 1832 1079 1874 sensu
1097 1811 1244 1896 juridico
1276 1819 1453 1896 sumptam,

361 1911 395 1973 in
431 1911 587 1992 negativo
621 1911 816 1989 consistere,
848 1909 879 1975 h.
905 1931 944 1990 e.,
978 1911 1012 1972 in
1036 1918 1114 1973 actu
1138 1919 1276 1974 sonante
1312 1911 1348 1973 in
1373 1910 1453 1994 pati,

361 2008 428 2093 qui.
443 2029 505 2071 nec
529 2029 726 2072 consensum
752 2007 1003 2093 approbationis
1027 2017 1146 2091 arguat
1169 2029 1232 2072 nec
1249 2008 1307 2094 jus
1325 2007 1455 2092 dispen-

361 2105 464 2170 sando
488 2104 615 2170 relaxet
638 2109 705 2189 (nn.
733 2107 774 2171 19
799 2115 831 2169 et
854 2104 922 2190 51).
1413 2181 1416 2184 Ι

451 2202 580 2283 Quodsi
605 2227 683 2269 vero
708 2204 903 2269 tolerantiae
934 2202 1114 2290 aliquando
1148 2226 1328 2268 cousensus
1352 2203 1455 2268 tribui

362 2301 525 2384 videatur,
553 2303 588 2366 id
612 2324 678 2368 non
702 2302 781 2367 inde
805 2303 908 2382 venit,
942 2301 1031 2387 quod
1061 2303 1133 2386 ipsa
1157 2302 1332 2367 tolerantia
1355 2324 1398 2365 ex
1421 2324 1456 2365 se

357 2401 428 2487 jam
454 2403 522 2465 vim
548 2411 580 2465 et
603 2401 760 2465 affectum
785 2422 965 2464 consensus
989 2398 1122 2483 habeat,
1147 2401 1205 2465 sed
1230 2401 1319 2486 quod
1336 2402 1457 2464 vestita

362 2500 404 2562 sit
427 2499 604 2585 adjunctis,
628 2521 725 2586 ,quae
749 2519 948 2564 consensum
971 2497 1169 2583 legislatoris
1193 2499 1368 2564 manifeste
1382 2521 1455 2564 con-

363 2596 551 2680 cludant‘5).

453 2769 505 2832 12.
530 2767 719 2832 Tolerantia
743 2765 878 2831 taudem
891 2777 1042 2832 versatur
1066 2769 1154 2832 circa
1179 2768 1324 2850 adversa,
1343 2767 1455 2831 odiosa

363 2876 462 2952 atque
483 2867 653 2954 inprutol),
679 2888 764 2952 quae
788 2865 888 2951 vulgo
912 2865 1000 2931 mula
1023 2875 1197 2949 vocantur,
1221 2868 1292 2931 sive
1316 2889 1355 2930 ea
1379 2887 1457 2930 vere

364 2965 442 3029 talia
467 2967 532 3029 siut
556 2968 627 3029 sive
651 2973 850 3052 apparenter
873 2975 1015 3030 tantum.
1202 3035 1205 3041 ,

454 3061 529 3142 Qua
553 3065 588 3128 in
611 3085 647 3127 re
670 3062 845 3127 tolerantia
868 3065 1062 3148 spatiantia
1085 3063 1219 3128 differre
1239 3065 1457 3148 cognoscitur.

365 3161 530 3225 Patientia
554 3163 677 3248 quippe
700 3160 800 3225 latius
828 3170 918 3246 patet
942 3172 974 3225 et
998 3183 1096 3246 saepe
1112 3184 1150 3226 ea
1167 3183 1298 3249 quoque
1311 3163 1458 3247 respicit,

365 3280 449 3343 quae
474 3281 539 3322 non
564 3261 634 3323 sine
659 3258 898 3343 approbatione
930 3259 1002 3322 lieri
1026 3261 1176 3326 sinimus.
1222 3261 1257 3324 si
1283 3262 1458 3344 peregrino

364 3357 595 3440 permittimus,
627 3367 664 3421 ut
688 3357 751 3421 eibi
776 3355 931 3422 haustum
955 3380 1062 3443 aquae
1097 3358 1238 3444 frigidae
1270 3381 1313 3423 ex
1345 3369 1456 3438 nostro

364 3464 463 3541 puteo
488 3464 606 3538 sumat,
632 3455 685 3518 vel
701 3464 738 3518 ut
760 3477 794 3520 se
818 3455 860 3520 ad
886 3458 997 3541 ignem
1012 3479 1032 3520 a
1054 3457 1150 3521 nobis
1174 3480 1351 3522 accensum
1377 3457 1458 3522 cale-

365 3553 475 3635 faciat,
501 3552 555 3616 vel
580 3564 616 3617 ut
639 3575 838 3640 quacunque
863 3553 928 3618 alia
951 3577 986 3618 re
1009 3564 1120 3619 nostra
1133 3555 1284 3620 utilitatis
1302 3558 1458 3622 innoxiae

365 3661 488 3736 utatur,
512 3660 593 3716 tunc
618 3674 684 3716 non
710 3674 903 3716 exercemus
927 3652 1147 3738 tolerantiam,
1180 3654 1238 3719 sed
1261 3657 1457 3741 patientiam

456 3829 477 3899 1)
496 3831 537 3884 De
554 3829 826 3899 praesumptionibus,
851 3831 869 3887 l.
892 3832 914 3896 1,
940 3847 965 3898 q.
985 3832 1027 3902 23,
1053 3848 1079 3886 n.
1108 3833 1133 3887 6.
1226 3833 1247 3904 ⁸)
1267 3833 1366 3890 (lensii.
1398 3835 1460 3905 275,

365 3927 391 3967 n.
411 3913 455 3967 bl.
513 3910 535 3981 ⁸)
556 3909 631 3964 Obiit
649 3926 673 3965 a.
694 3909 772 3966 1620.
791 3910 858 3978 Ejus
876 3910 953 3965 vitae
972 3912 1158 3980 compendium
1167 3913 1230 3968 vide
1243 3915 1314 3983 apud
1324 3913 1459 3980 Hu'rter,

365 3992 541 4046 Nomeuetat.
561 3992 602 4046 lit.
623 3995 643 4047 t.
664 3991 687 4056 1,
707 4005 732 4057 p.
753 3992 813 4056 230,
833 3991 898 4047 edit.
918 3994 943 4049 2.
1011 3993 1034 4064 ⁴)
1054 3993 1240 4049 Praeticarum
1259 3994 1459 4049 conclusionum

363 4070 442 4140 Juris,
462 4078 526 4126 tom.
546 4072 570 4133 8,
590 4086 615 4138 p.
638 4071 786 4138 186-187,
812 4072 861 4126 sub
880 4088 907 4127 v.
935 4073 1102 4128 Tolerantia.
1194 4075 1215 4146 ⁵)
1235 4075 1290 4134 cfr.
1309 4075 1460 4132 Menoch.

366 4153 463 4208 eorosii.
483 4153 528 4208 eit.
549 4168 574 4207 n.
594 4153 637 4206 51.
731 4153 751 4222 8)
770 4153 871 4219 ,Weuu
889 4168 940 4208 uns
960 4161 1046 4208 etwas
1065 4158 1258 4226 ureurrqeaelom
1277 4158 1322 4224 ist,
1341 4173 1398 4210 was
1411 4156 1462 4210 wir

366 4231 433 4285 aber
451 4231 613 4300 gleichwohl
632 4233 765 4298 zulassen,
791 4232 895 4286 obwohl
914 4234 965 4287 wir
984 4235 1059 4289 nicht
1072 4235 1155 4290 allein
1174 4236 1217 4292 die
1227 4237 1327 4306 Maeht,
1346 4238 1461 4291 sonderu

366 4310 435 4366 auch
453 4313 500 4366 das
518 4311 606 4366 Reeht
624 4312 719 4378 haben,
739 4329 790 4367 uns
808 4313 898 4368 aeiner
916 4330 951 4368 zu
969 4315 1136 4386 entledigen,
1156 4333 1185 4374 so
1204 4308 1381 4372 duldenoder
1395 4317 1462 4371 tole·

366 4391 454 4446 rieren
473 4391 524 4445 wir
543 4396 586 4449 es‘.
610 4392 657 4446 Ita
674 4393 779 4448 Erech
798 4392 853 4447 und
880 4394 1030 4463 Gru-ber,
1050 4398 1283 4466 Eaeyelopcedio,
1304 4414 1324 4453 s.
1338 4414 1371 4457 v,
1383 4396 1461 4453 Dul-

367 4471 446 4537 den‚
466 4478 487 4529 t.
507 4473 549 4538 28,
568 4489 594 4543 p.
613 4474 675 4528 225.

894 4582 933 4656 (8)
