3218 5446
365 557 532 626 explicandis
551 557 667 614 decretis
685 558 849 614 tolerantiae
868 558 1017 614 servandis.

235 741 287 806 71.
299 740 394 804 Licet
404 740 492 803 enim
505 739 590 803 duae
602 738 677 803 illae
688 741 929 823 permissiones,
940 737 1152 824 privilegium
1162 759 1233 801 con·

141 847 194 902 tra
212 837 269 923 jus
294 835 498 919 eommune¹)
527 846 560 901 et
583 836 752 901 decretum
776 837 979 919 tolerantiae,
1005 837 1147 900 essentia
1176 833 1236 900 dif-

141 935 290 1018 ferantl),
305 937 340 1000 in
356 937 474 1000 effectu
490 944 602 999 tamen
617 933 791 1000 evidenter
805 936 1020 1018 conveniunt,
1045 943 1115 998 tum
1125 931 1235 1019 quoad

142 1035 331 1120 subjectum
363 1036 544 1120 passivum,
584 1035 636 1098 cui
666 1032 806 1099 facultas
830 1034 876 1117 fit,
909 1033 1043 1097 licentia
1076 1034 1236 1118 permissa

141 1135 231 1198 intra
254 1154 427 1219 expressos
451 1131 532 1196 fines
556 1130 682 1214 utendi,
712 1139 782 1196 tum
807 1130 917 1218 quoad
941 1130 1032 1214 alios,
1057 1131 1114 1217 qui
1139 1152 1236 1214 nega·

141 1233 214 1296 tiva
238 1231 439 1316 obligatione
463 1228 690 1316 prohibentur,
715 1229 867 1315 legitima
886 1229 1041 1294 licentiae
1073 1231 1148 1298 usui
1178 1230 1236 1312 ,in-

142 1329 336 1395 discretum‘
359 1328 635 1415 impedimentum
660 1328 821 1413 ponere3).

232 1427 361 1493 Eadem
385 1429 512 1492 ratione
535 1428 637 1512 igitur
661 1429 813 1492 canonici
845 1429 1025 1510 ,excessus‘
1059 1423 1236 1490 habeberis

142 1551 230 1610 reus,
256 1529 326 1591 sive
350 1535 455 1590 metas
479 1525 647 1612 privilegii
672 1533 894 1611 transgressus
917 1525 1029 1608 fueris,
1048 1525 1134 1595 ‚sive
1158 1522 1236 1587 tole-

142 1627 273 1692 rantiae
297 1624 421 1690 decreti
445 1624 528 1688 fines
552 1626 757 1709 migraveris.
784 1624 911 1689 Eodem
929 1645 1021 1688 sacro
1040 1621 1237 1708 disciplinae

142 1724 213 1790 zelo
238 1725 271 1788 in
297 1733 435 1809 utroque
460 1745 538 1786 casu
563 1722 607 1787 ad
629 1724 788 1788 terminos
811 1723 1037 1809 permissionis
1061 1721 1103 1786 ab
1125 1721 1165 1786 iis
1189 1742 1236 1785 re-

143 1822 328 1903 vocaberis,
353 1822 475 1907 quibus
500 1820 648 1886 officium
677 1822 758 1886 recti
782 1820 908 1886 ordinis
939 1821 1054 1885 tuendi
1091 1841 1134 1884 cx
1160 1820 1236 1905 jure

145 1919 320 1986 incumbit.

234 2047 286 2113 72.
300 2045 410 2131 Atque
420 2044 500 2109 hine
510 2053 569 2128 est,
583 2066 642 2109 eur
652 2067 826 2130 supremus
838 2043 998 2109 ecelesiae
1016 2045 1235 2129 magistratus,

144 2154 177 2209 et
199 2146 257 2231 qui
281 2143 342 2208 sub
367 2165 404 2207 eo
430 2165 594 2208 canonum
620 2143 773 2207 custodes
790 2144 960 2208 constituti
985 2152 1070 2225 sunt,
1089 2145 1236 2229 episcopi

144 2245 179 2307 in
203 2245 271 2307 suis
295 2241 510 2321 dioecesibus,
536 2243 721 2306 necessario
753 2241 864 2306 fictam
889 2241 1034 2328 aliquam
1055 2243 1236 2306 concessio·

144 2362 231 2422 nem,
256 2362 315 2426 per
338 2342 545 2404 extensivam
570 2341 875 2425 interpretationem
895 2340 1026 2404 decreto
1052 2349 1166 2403 contra
1189 2362 1236 2403 re-

143 2438 239 2523 gulas
275 2436 356 2502 falso
386 2437 521 2514 illatam,
560 2441 594 2501 vi
628 2439 776 2501 muneris
811 2439 861 2501 sui
894 2447 1053 2523 tanquam
1087 2445 1235 2523 apertam

139 2536 226 2622 juris
248 2536 462 2600 violationem
488 2534 676 2622 improbare
709 2546 741 2600 et
764 2536 901 2621 rejicere
926 2537 1076 2601 debeant.

234 2633 362 2715 Quodsi
387 2655 453 2699 non
477 2635 712 2720 praestiterint,
737 2643 819 2698 teste
839 2635 915 2721 jure
946 2657 1049 2718 sacro,
1079 2634 1235 2700 falsorum

145 2735 361 2818 interpretum
401 2732 509 2818 culpa,
541 2732 640 2797 facile
682 2733 749 2816 fiet,
790 2742 826 2797 ut
850 2732 972 2798 Sancta
1003 2732 1114 2817 Sedes,
1152 2757 1236 2820 quae

145 2831 232 2895 edito
263 2829 374 2916 aliquo
407 2830 665 2917 prudentissimo
698 2831 892 2896 tolerantiae
938 2832 1069 2897 decreto
1109 2833 1236 2896 sincere

144 2929 279 3011 studuit,
314 2927 513 3011 ,indiscretis
546 2930 856 3015 impugnationibus
888 2930 988 2994 linem
1012 2932 1235 3017 imponere‘4),

144 3037 278 3114 propter
313 3025 482 3091 decretum
519 3027 604 3092 ultra
641 3029 800 3093 terminos
840 3050 1013 3114 expressos
1051 3039 1236 3112 extensum,

144 3125 226 3190 adeo
274 3147 340 3189 non
386 3134 607 3210 consequatur
644 3125 733 3212 quod
779 3127 847 3192 lata
886 3130 1049 3191 sententia
1088 3127 1237 3192 obtinere

144 3233 255 3288 sancte
287 3226 469 3311 cupiverat,
515 3232 552 3286 ut
578 3225 680 3288 immo
720 3247 791 3311 ,pro
820 3248 868 3308 ea,
901 3248 1000 3311 quam
1030 3224 1235 3309 intendebat,

144 3325 253 3408 quiete
277 3321 421 3385 turbatio
446 3331 611 3408 nascatur,
648 3345 707 3409 pro
733 3324 911 3389 concordia
936 3324 1149 3389 suboriantur
1173 3324 1236 3389 dis·

143 3420 236 3501 sidia,
274 3429 307 3484 et
339 3419 500 3504 pullulare
524 3420 773 3506 inquietudines
806 3445 865 3509 pro
899 3420 1139 3508 tranquillitate
1163 3444 1234 3486 nos·

144 3516 310 3599 cantur‘⁶),
335 3520 449 3603 sieque
462 3517 542 3581 dum
557 3540 673 3583 ansam
690 3518 816 3584 solvere
833 3519 943 3603 vellet,
968 3521 1094 3586 nodum
1114 3520 1233 3606 ligasse

144 3615 339 3697 videatur⁶).

146 3798 358 3808 *—

233 3939 254 4010 ¹)
273 3937 314 3994 De
332 3936 389 3993 sola
407 3937 458 3991 hae
475 3937 682 4008 privilegiorum
700 3938 789 4007 specie
807 3938 851 3993 hic
875 3937 989 4008 agimus.
1082 3938 1105 4010 ²)
1123 3938 1239 3996 Privile·

143 4019 226 4089 gium,
257 4025 339 4088 prout
356 4019 407 4072 hoc
427 4017 485 4072 loco
503 4019 599 4073 stricte
617 4019 741 4085 sumitur,
769 4021 798 4074 in
817 4020 988 4088 permanenti
1008 4020 1176 4074 concessione
1194 4037 1238 4075 ex-

144 4100 287 4169 emptionis
301 4099 388 4168 ajune
407 4099 541 4154 communi
560 4101 700 4172 consistit;
725 4101 788 4155 dum
805 4101 942 4154 decretum
961 4100 1125 4155 tolerantiae
1144 4105 1238 4155 contra

143 4198 196 4236 non
215 4181 311 4236 eximit
324 4179 422 4248 alege,
438 4180 658 4247 quemadmodum
676 4181 759 4236 semel
778 4185 861 4248 atque
879 4179 977 4234 iterem
995 4180 1111 4235 diximus
1130 4197 1175 4238 nn.
1196 4182 1238 4239 25.

143 4263 183 4320 51,
280 4262 298 4331 ⁸)
318 4258 451 4314 Effectum
476 4258 547 4313 hunc
578 4260 665 4315 fusius
694 4260 861 4316 declaratum
889 4260 996 4330 relegas
1024 4276 1106 4330 supra
1140 4278 1165 4318 n.
1194 4262 1238 4318 30.

144 4343 164 4413 ⁴)
180 4340 235 4399 err.
247 4340 324 4409 epist.
339 4340 407 4395 Emi.
422 4339 500 4396 Oard.
518 4339 710 4396 Leddchowslri
730 4343 764 4396 ad
773 4343 879 4398 Rmum.
893 4341 1047 4408 archiepisc.
1058 4341 1167 4396 Ireland
1177 4343 1202 4398 d.
1213 4341 1238 4394 d.

144 4424 185 4479 30.
203 4421 282 4490 April
302 4421 380 4476 1892.
482 4419 505 4491 ⁵)
525 4421 553 4477 Ο,
573 4421 651 4477 Inter
668 4429 779 4477 eunome
800 4425 822 4476 1.
842 4422 875 4476 de
893 4422 1021 4490 privileg.
1042 4422 1157 4480 Extrav.
1173 4439 1238 4480 acm.

145 4504 164 4576 ⁶)
183 4503 210 4561 O.
231 4502 318 4569 Quum
336 4501 400 4556 olim
420 4502 463 4559 24.
473 4501 506 4556 X.
526 4502 559 4556 de
577 4503 650 4557 verb.
661 4503 755 4573 signif.
775 4503 818 4574 (V,
828 4503 882 4574 40),
896 4508 925 4557 et
938 4502 966 4561 C.
980 4503 1057 4557 luter
1066 4507 1179 4557 cunctas
1190 4502 1238 4558 eit.

658 4609 714 4680 (51)
1093 4611 1131 4664 4*
