<?xml version="1.0" encoding="UTF-8"?>
<!DOCTYPE html PUBLIC "-//W3C//DTD XHTML 1.0 Transitional//EN"
    "http://www.w3.org/TR/xhtml1/DTD/xhtml1-transitional.dtd">
<html xmlns="http://www.w3.org/1999/xhtml" xml:lang="en" lang="en">
 <head>
  <title>
</title>
<meta http-equiv="Content-Type" content="text/html;charset=utf-8" />
  <meta name='ocr-system' content='tesseract 3.04.00' />
  <meta name='ocr-capabilities' content='ocr_page ocr_carea ocr_par ocr_line ocrx_word'/>
</head>
<body>
  <div class='ocr_page' id='page_1' title='image "./toleraripotestd00nillgoog_0056.png"; bbox 0 0 3218 5446; ppageno 0'>
   <div class='ocr_carea' id='block_1_1' title="bbox 338 577 984 647">
    <p class='ocr_par' dir='ltr' id='par_1_1' title="bbox 338 577 984 647">
     <span class='ocr_line' id='line_1_1' title="bbox 338 577 984 647; baseline 0 -15"><span class='ocrx_word' id='word_1_1' title='bbox 338 579 502 647; x_wconf 77' lang='lat' dir='ltr'><strong>explicandis</strong></span> <span class='ocrx_word' id='word_1_2' title='bbox 521 577 636 633; x_wconf 80' lang='lat' dir='ltr'><strong>decretis</strong></span> <span class='ocrx_word' id='word_1_3' title='bbox 654 577 818 632; x_wconf 77' lang='lat' dir='ltr'><strong>tolerantiae</strong></span> <span class='ocrx_word' id='word_1_4' title='bbox 836 577 984 632; x_wconf 80' lang='lat' dir='ltr'><strong>servandis.</strong></span> 
     </span>
    </p>
   </div>
   <div class='ocr_carea' id='block_1_2' title="bbox 111 756 1207 2027">
    <p class='ocr_par' dir='ltr' id='par_1_2' title="bbox 113 756 1205 942">
     <span class='ocr_line' id='line_1_2' title="bbox 205 756 1205 845; baseline -0.005 -22"><span class='ocrx_word' id='word_1_5' title='bbox 205 759 258 826; x_wconf 84' lang='grc'><strong>68.</strong></span> <span class='ocrx_word' id='word_1_6' title='bbox 291 759 442 844; x_wconf 87' lang='lat' dir='ltr'><strong>Regula</strong></span> <span class='ocrx_word' id='word_1_7' title='bbox 479 760 529 823; x_wconf 80' lang='lat'><strong>74.</strong></span> <span class='ocrx_word' id='word_1_8' title='bbox 582 757 674 832; x_wconf 75' lang='lat' dir='ltr'><strong>Quod</strong></span> <span class='ocrx_word' id='word_1_9' title='bbox 712 759 812 822; x_wconf 82' lang='lat' dir='ltr'><strong>alicui</strong></span> <span class='ocrx_word' id='word_1_10' title='bbox 845 759 983 845; x_wconf 77' lang='lat' dir='ltr'><strong>praticae</strong></span> <span class='ocrx_word' id='word_1_11' title='bbox 1016 756 1205 838; x_wconf 80' lang='lat' dir='ltr'><strong>conceditur,</strong></span> 
     </span>
     <span class='ocr_line' id='line_1_3' title="bbox 113 857 826 942; baseline 0.004 -24"><span class='ocrx_word' id='word_1_12' title='bbox 113 859 200 922; x_wconf 80' lang='lat' dir='ltr'><strong>trabi</strong></span> <span class='ocrx_word' id='word_1_13' title='bbox 221 880 285 922; x_wconf 77' lang='lat' dir='ltr'><strong>nou</strong></span> <span class='ocrx_word' id='word_1_14' title='bbox 309 857 398 921; x_wconf 83' lang='lat' dir='ltr'><strong>debet</strong></span> <span class='ocrx_word' id='word_1_15' title='bbox 421 857 461 921; x_wconf 83' lang='lat' dir='ltr'><strong>ab</strong></span> <span class='ocrx_word' id='word_1_16' title='bbox 485 859 562 922; x_wconf 81' lang='lat' dir='ltr'><strong>aliia</strong></span> <span class='ocrx_word' id='word_1_17' title='bbox 584 859 620 920; x_wconf 81' lang='lat' dir='ltr'><strong>ia</strong></span> <span class='ocrx_word' id='word_1_18' title='bbox 643 857 826 942; x_wconf 77' lang='lat' dir='ltr'><strong>cuempiam.</strong></span> 
     </span>
    </p>

    <p class='ocr_par' dir='ltr' id='par_1_3' title="bbox 111 952 1207 2027">
     <span class='ocr_line' id='line_1_4' title="bbox 205 952 1207 1040; baseline -0.003 -22"><span class='ocrx_word' id='word_1_19' title='bbox 205 953 327 1018; x_wconf 75' lang='lat' dir='ltr'><strong>Sensus</strong></span> <span class='ocrx_word' id='word_1_20' title='bbox 352 956 485 1040; x_wconf 83' lang='lat' dir='ltr'><strong>regulae</strong></span> <span class='ocrx_word' id='word_1_21' title='bbox 509 965 571 1019; x_wconf 91' lang='lat' dir='ltr'><strong>est:</strong></span> <span class='ocrx_word' id='word_1_22' title='bbox 604 955 702 1035; x_wconf 75' lang='lat' dir='ltr'><strong>Quod</strong></span> <span class='ocrx_word' id='word_1_23' title='bbox 727 954 828 1019; x_wconf 90' lang='lat' dir='ltr'><strong>alicui</strong></span> <span class='ocrx_word' id='word_1_24' title='bbox 859 976 901 1018; x_wconf 86' lang='lat' dir='ltr'><strong>ex</strong></span> <span class='ocrx_word' id='word_1_25' title='bbox 926 952 1061 1040; x_wconf 85' lang='lat' dir='ltr'><strong>speciali</strong></span> <span class='ocrx_word' id='word_1_26' title='bbox 1092 953 1207 1018; x_wconf 85' lang='lat' dir='ltr'><strong>favore</strong></span> 
     </span>
     <span class='ocr_line' id='line_1_5' title="bbox 114 1050 1206 1139; baseline -0.003 -22"><span class='ocrx_word' id='word_1_27' title='bbox 114 1062 146 1117; x_wconf 90' lang='lat' dir='ltr'><strong>et</strong></span> <span class='ocrx_word' id='word_1_28' title='bbox 170 1055 277 1137; x_wconf 86' lang='lat' dir='ltr'><strong>gratia</strong></span> <span class='ocrx_word' id='word_1_29' title='bbox 301 1077 321 1118; x_wconf 89' lang='lat' dir='ltr'><strong>a</strong></span> <span class='ocrx_word' id='word_1_30' title='bbox 345 1076 498 1139; x_wconf 83' lang='lat' dir='ltr'><strong>supremo</strong></span> <span class='ocrx_word' id='word_1_31' title='bbox 534 1055 686 1139; x_wconf 88' lang='lat' dir='ltr'><strong>principe</strong></span> <span class='ocrx_word' id='word_1_32' title='bbox 720 1063 836 1118; x_wconf 89' lang='lat' dir='ltr'><strong>contra</strong></span> <span class='ocrx_word' id='word_1_33' title='bbox 861 1052 914 1115; x_wconf 87' lang='lat' dir='ltr'><strong>vel</strong></span> <span class='ocrx_word' id='word_1_34' title='bbox 947 1052 1032 1115; x_wconf 89' lang='lat' dir='ltr'><strong>ultra</strong></span> <span class='ocrx_word' id='word_1_35' title='bbox 1052 1050 1108 1135; x_wconf 91' lang='lat' dir='ltr'><strong>jus</strong></span> <span class='ocrx_word' id='word_1_36' title='bbox 1133 1073 1206 1115; x_wconf 94' lang='lat' dir='ltr'><strong>con-</strong></span> 
     </span>
     <span class='ocr_line' id='line_1_6' title="bbox 113 1149 1205 1236; baseline -0.001 -23"><span class='ocrx_word' id='word_1_37' title='bbox 113 1152 252 1234; x_wconf 88' lang='lat' dir='ltr'><strong>ceditur,</strong></span> <span class='ocrx_word' id='word_1_38' title='bbox 277 1152 319 1215; x_wconf 94' lang='lat' dir='ltr'><strong>ab</strong></span> <span class='ocrx_word' id='word_1_39' title='bbox 344 1152 417 1216; x_wconf 87' lang='lat' dir='ltr'><strong>aliis</strong></span> <span class='ocrx_word' id='word_1_40' title='bbox 441 1151 527 1216; x_wconf 88' lang='lat' dir='ltr'><strong>trahi</strong></span> <span class='ocrx_word' id='word_1_41' title='bbox 552 1175 618 1217; x_wconf 91' lang='lat' dir='ltr'><strong>non</strong></span> <span class='ocrx_word' id='word_1_42' title='bbox 643 1150 742 1215; x_wconf 91' lang='lat' dir='ltr'><strong>debet</strong></span> <span class='ocrx_word' id='word_1_43' title='bbox 766 1154 800 1215; x_wconf 92' lang='lat' dir='ltr'><strong>in</strong></span> <span class='ocrx_word' id='word_1_44' title='bbox 826 1150 1017 1236; x_wconf 88' lang='lat' dir='ltr'><strong>exemplum</strong></span> <span class='ocrx_word' id='word_1_45' title='bbox 1043 1149 1095 1213; x_wconf 90' lang='lat' dir='ltr'><strong>vel</strong></span> <span class='ocrx_word' id='word_1_46' title='bbox 1131 1172 1205 1213; x_wconf 90' lang='lat' dir='ltr'><strong>con-</strong></span> 
     </span>
     <span class='ocr_line' id='line_1_7' title="bbox 113 1247 1205 1336; baseline -0.004 -22"><span class='ocrx_word' id='word_1_47' title='bbox 113 1252 337 1336; x_wconf 78' lang='lat' dir='ltr'><strong>sequentiam:</strong></span> <span class='ocrx_word' id='word_1_48' title='bbox 368 1253 413 1315; x_wconf 91' lang='lat' dir='ltr'><strong>ita</strong></span> <span class='ocrx_word' id='word_1_49' title='bbox 444 1260 481 1315; x_wconf 95' lang='lat' dir='ltr'><strong>ut</strong></span> <span class='ocrx_word' id='word_1_50' title='bbox 505 1252 705 1332; x_wconf 82' lang='lat' dir='ltr'><strong>existiment,</strong></span> <span class='ocrx_word' id='word_1_51' title='bbox 731 1250 766 1314; x_wconf 91' lang='lat' dir='ltr'><strong>id</strong></span> <span class='ocrx_word' id='word_1_52' title='bbox 790 1249 853 1313; x_wconf 92' lang='lat' dir='ltr'><strong>sibi</strong></span> <span class='ocrx_word' id='word_1_53' title='bbox 881 1271 1012 1335; x_wconf 90' lang='lat' dir='ltr'><strong>quoque</strong></span> <span class='ocrx_word' id='word_1_54' title='bbox 1046 1249 1079 1312; x_wconf 92' lang='lat' dir='ltr'><strong>in</strong></span> <span class='ocrx_word' id='word_1_55' title='bbox 1105 1247 1205 1311; x_wconf 91' lang='lat' dir='ltr'><strong>simili</strong></span> 
     </span>
     <span class='ocr_line' id='line_1_8' title="bbox 113 1347 1206 1432; baseline -0.004 -19"><span class='ocrx_word' id='word_1_56' title='bbox 113 1372 192 1413; x_wconf 91' lang='lat' dir='ltr'><strong>casu</strong></span> <span class='ocrx_word' id='word_1_57' title='bbox 218 1358 249 1412; x_wconf 93' lang='lat' dir='ltr'><strong>et</strong></span> <span class='ocrx_word' id='word_1_58' title='bbox 273 1350 433 1413; x_wconf 86' lang='lat' dir='ltr'><strong>existente</strong></span> <span class='ocrx_word' id='word_1_59' title='bbox 458 1348 574 1413; x_wconf 90' lang='lat' dir='ltr'><strong>eadem</strong></span> <span class='ocrx_word' id='word_1_60' title='bbox 598 1350 726 1412; x_wconf 91' lang='lat' dir='ltr'><strong>ratione</strong></span> <span class='ocrx_word' id='word_1_61' title='bbox 750 1349 888 1412; x_wconf 90' lang='lat' dir='ltr'><strong>licitum.</strong></span> <span class='ocrx_word' id='word_1_62' title='bbox 914 1347 1046 1411; x_wconf 90' lang='lat' dir='ltr'><strong>Illustrc</strong></span> <span class='ocrx_word' id='word_1_63' title='bbox 1071 1347 1142 1432; x_wconf 88' lang='lat' dir='ltr'><strong>ejus</strong></span> <span class='ocrx_word' id='word_1_64' title='bbox 1157 1349 1206 1410; x_wconf 91' lang='lat' dir='ltr'><strong>rei</strong></span> 
     </span>
     <span class='ocr_line' id='line_1_9' title="bbox 113 1445 1204 1534; baseline -0.001 -23"><span class='ocrx_word' id='word_1_65' title='bbox 113 1446 303 1534; x_wconf 88' lang='lat' dir='ltr'><strong>exemplum</strong></span> <span class='ocrx_word' id='word_1_66' title='bbox 328 1447 507 1511; x_wconf 87' lang='lat' dir='ltr'><strong>exhibetur</strong></span> <span class='ocrx_word' id='word_1_67' title='bbox 531 1445 567 1512; x_wconf 86' lang='lat' dir='ltr'><strong>C.</strong></span> <span class='ocrx_word' id='word_1_68' title='bbox 592 1447 721 1511; x_wconf 91' lang='lat' dir='ltr'><strong>Petiisti</strong></span> <span class='ocrx_word' id='word_1_69' title='bbox 748 1450 787 1512; x_wconf 79' lang='lat'><strong>17</strong></span> <span class='ocrx_word' id='word_1_70' title='bbox 807 1447 844 1511; x_wconf 83' lang='lat' dir='ltr'><strong>O.</strong></span> <span class='ocrx_word' id='word_1_71' title='bbox 870 1449 898 1512; x_wconf 76' lang='lat'><strong>7.</strong></span> <span class='ocrx_word' id='word_1_72' title='bbox 925 1469 956 1532; x_wconf 90' lang='lat' dir='ltr'><strong>q.</strong></span> <span class='ocrx_word' id='word_1_73' title='bbox 976 1449 1003 1528; x_wconf 90' lang='lat'><strong>1,</strong></span> <span class='ocrx_word' id='word_1_74' title='bbox 1029 1446 1087 1510; x_wconf 91' lang='lat' dir='ltr'><strong>ubi</strong></span> <span class='ocrx_word' id='word_1_75' title='bbox 1104 1469 1129 1514; x_wconf 90' lang='lat' dir='ltr'><strong>s.</strong></span> <span class='ocrx_word' id='word_1_76' title='bbox 1147 1445 1204 1510; x_wconf 87' lang='lat' dir='ltr'><strong>Za-</strong></span> 
     </span>
     <span class='ocr_line' id='line_1_10' title="bbox 114 1541 1204 1632; baseline -0.003 -23"><span class='ocrx_word' id='word_1_77' title='bbox 114 1546 245 1610; x_wconf 88' lang='lat' dir='ltr'><strong>charias</strong></span> <span class='ocrx_word' id='word_1_78' title='bbox 267 1545 360 1632; x_wconf 90' lang='lat' dir='ltr'><strong>Papa</strong></span> <span class='ocrx_word' id='word_1_79' title='bbox 391 1568 433 1608; x_wconf 88' lang='lat' dir='ltr'><strong>ex</strong></span> <span class='ocrx_word' id='word_1_80' title='bbox 466 1544 603 1630; x_wconf 84' lang='lat' dir='ltr'><strong>speciali</strong></span> <span class='ocrx_word' id='word_1_81' title='bbox 628 1547 735 1628; x_wconf 85' lang='lat' dir='ltr'><strong>gratia</strong></span> <span class='ocrx_word' id='word_1_82' title='bbox 768 1556 881 1609; x_wconf 89' lang='lat' dir='ltr'><strong>sancto</strong></span> <span class='ocrx_word' id='word_1_83' title='bbox 910 1545 1095 1625; x_wconf 86' lang='lat' dir='ltr'><strong>Bonifacio,</strong></span> <span class='ocrx_word' id='word_1_84' title='bbox 1124 1541 1204 1607; x_wconf 81' lang='lat' dir='ltr'><strong>Ger-</strong></span> 
     </span>
     <span class='ocr_line' id='line_1_11' title="bbox 113 1643 1204 1730; baseline -0.004 -20"><span class='ocrx_word' id='word_1_85' title='bbox 113 1668 286 1710; x_wconf 91' lang='lat' dir='ltr'><strong>manorum</strong></span> <span class='ocrx_word' id='word_1_86' title='bbox 316 1643 485 1730; x_wconf 86' lang='lat' dir='ltr'><strong>Apostolo,</strong></span> <span class='ocrx_word' id='word_1_87' title='bbox 519 1646 692 1722; x_wconf 87' lang='lat' dir='ltr'><strong>concessit,</strong></span> <span class='ocrx_word' id='word_1_88' title='bbox 727 1653 764 1708; x_wconf 94' lang='lat' dir='ltr'><strong>ut</strong></span> <span class='ocrx_word' id='word_1_89' title='bbox 787 1644 852 1708; x_wconf 90' lang='lat' dir='ltr'><strong>sibi</strong></span> <span class='ocrx_word' id='word_1_90' title='bbox 877 1645 940 1729; x_wconf 90' lang='lat' dir='ltr'><strong>ipsi</strong></span> <span class='ocrx_word' id='word_1_91' title='bbox 966 1654 1076 1728; x_wconf 91' lang='lat' dir='ltr'><strong>posset</strong></span> <span class='ocrx_word' id='word_1_92' title='bbox 1100 1643 1204 1728; x_wconf 82' lang='lat' dir='ltr'><strong>desig-</strong></span> 
     </span>
     <span class='ocr_line' id='line_1_12' title="bbox 112 1741 1202 1829; baseline -0.004 -21"><span class='ocrx_word' id='word_1_93' title='bbox 112 1766 192 1808; x_wconf 89' lang='lat' dir='ltr'><strong>nare</strong></span> <span class='ocrx_word' id='word_1_94' title='bbox 226 1764 459 1824; x_wconf 81' lang='lat' dir='ltr'><strong>successorem,</strong></span> <span class='ocrx_word' id='word_1_95' title='bbox 495 1764 652 1829; x_wconf 88' lang='lat' dir='ltr'><strong>expressa</strong></span> <span class='ocrx_word' id='word_1_96' title='bbox 684 1751 796 1806; x_wconf 91' lang='lat' dir='ltr'><strong>tamen</strong></span> <span class='ocrx_word' id='word_1_97' title='bbox 831 1742 1123 1809; x_wconf 86' lang='lat' dir='ltr'><strong>animadversione</strong></span> <span class='ocrx_word' id='word_1_98' title='bbox 1160 1741 1202 1805; x_wconf 85' lang='lat' dir='ltr'><strong>ad</strong></span> 
     </span>
     <span class='ocr_line' id='line_1_13' title="bbox 113 1839 1203 1928; baseline -0.006 -22"><span class='ocrx_word' id='word_1_99' title='bbox 113 1853 256 1906; x_wconf 88' lang='lat' dir='ltr'><strong>mentem</strong></span> <span class='ocrx_word' id='word_1_100' title='bbox 282 1844 464 1928; x_wconf 90' lang='lat' dir='ltr'><strong>praesentis</strong></span> <span class='ocrx_word' id='word_1_101' title='bbox 494 1841 627 1925; x_wconf 89' lang='lat' dir='ltr'><strong>regulae</strong></span> <span class='ocrx_word' id='word_1_102' title='bbox 658 1841 806 1926; x_wconf 87' lang='lat' dir='ltr'><strong>adjecta:</strong></span> <span class='ocrx_word' id='word_1_103' title='bbox 837 1841 923 1921; x_wconf 88' lang='lat' dir='ltr'><strong>,Hoc</strong></span> <span class='ocrx_word' id='word_1_104' title='bbox 948 1839 1039 1904; x_wconf 66' lang='lat' dir='ltr'><strong>vnulli</strong></span> <span class='ocrx_word' id='word_1_105' title='bbox 1065 1839 1203 1904; x_wconf 88' lang='lat' dir='ltr'><strong>concedi</strong></span> 
     </span>
     <span class='ocr_line' id='line_1_14' title="bbox 111 1939 1204 2027; baseline -0.003 -22"><span class='ocrx_word' id='word_1_106' title='bbox 111 1941 167 2005; x_wconf 88' lang='lat' dir='ltr'><strong>alii</strong></span> <span class='ocrx_word' id='word_1_107' title='bbox 184 1944 338 2027; x_wconf 85' lang='lat' dir='ltr'><strong>patimur,</strong></span> <span class='ocrx_word' id='word_1_108' title='bbox 357 1940 445 2025; x_wconf 90' lang='lat' dir='ltr'><strong>quod</strong></span> <span class='ocrx_word' id='word_1_109' title='bbox 461 1939 534 2023; x_wconf 87' lang='lat' dir='ltr'><strong>tibi,</strong></span> <span class='ocrx_word' id='word_1_110' title='bbox 551 1941 688 2004; x_wconf 88' lang='lat' dir='ltr'><strong>caritate</strong></span> <span class='ocrx_word' id='word_1_111' title='bbox 703 1948 851 2024; x_wconf 86' lang='lat' dir='ltr'><strong>cogente,</strong></span> <span class='ocrx_word' id='word_1_112' title='bbox 869 1939 982 2023; x_wconf 85' lang='lat' dir='ltr'><strong>largiri</strong></span> <span class='ocrx_word' id='word_1_113' title='bbox 993 1941 1204 2003; x_wconf 88' lang='lat' dir='ltr'><strong>censuimus‘.</strong></span> 
     </span>
    </p>
   </div>
   <div class='ocr_carea' id='block_1_3' title="bbox 106 2137 1205 4589">
    <p class='ocr_par' dir='ltr' id='par_1_4' title="bbox 106 2137 1205 2322">
     <span class='ocr_line' id='line_1_15' title="bbox 201 2137 1205 2222; baseline -0.006 -20"><span class='ocrx_word' id='word_1_114' title='bbox 201 2139 253 2203; x_wconf 88' lang='grc'><strong>69.</strong></span> <span class='ocrx_word' id='word_1_115' title='bbox 280 2137 426 2221; x_wconf 84' lang='lat' dir='ltr'><strong>Regula</strong></span> <span class='ocrx_word' id='word_1_116' title='bbox 452 2138 503 2202; x_wconf 80' lang='lat'><strong>78.</strong></span> <span class='ocrx_word' id='word_1_117' title='bbox 528 2138 567 2201; x_wconf 83' lang='lat' dir='ltr'><strong>Iu</strong></span> <span class='ocrx_word' id='word_1_118' title='bbox 591 2146 804 2222; x_wconf 75' lang='lat' dir='ltr'><strong>arqumcutum</strong></span> <span class='ocrx_word' id='word_1_119' title='bbox 829 2137 914 2199; x_wconf 79' lang='lat' dir='ltr'><strong>trabi</strong></span> <span class='ocrx_word' id='word_1_120' title='bbox 936 2146 1101 2221; x_wconf 76' lang='lat' dir='ltr'><strong>nequeunt,</strong></span> <span class='ocrx_word' id='word_1_121' title='bbox 1127 2157 1205 2222; x_wconf 84' lang='lat' dir='ltr'><strong>quae</strong></span> 
     </span>
     <span class='ocr_line' id='line_1_16' title="bbox 106 2233 953 2322; baseline 0.002 -24"><span class='ocrx_word' id='word_1_122' title='bbox 106 2247 241 2322; x_wconf 83' lang='lat' dir='ltr'><strong>propter</strong></span> <span class='ocrx_word' id='word_1_123' title='bbox 264 2238 480 2300; x_wconf 79' lang='lat' dir='ltr'><strong>necessitatem</strong></span> <span class='ocrx_word' id='word_1_124' title='bbox 503 2233 677 2320; x_wconf 79' lang='lat' dir='ltr'><strong>aliquando</strong></span> <span class='ocrx_word' id='word_1_125' title='bbox 702 2245 775 2298; x_wconf 83' lang='lat' dir='ltr'><strong>aaut</strong></span> <span class='ocrx_word' id='word_1_126' title='bbox 798 2258 953 2300; x_wconf 76' lang='lat' dir='ltr'><strong>concessu.</strong></span> 
     </span>
    </p>

    <p class='ocr_par' dir='ltr' id='par_1_5' title="bbox 109 2332 1204 3008">
     <span class='ocr_line' id='line_1_17' title="bbox 200 2332 1203 2419; baseline -0.002 -22"><span class='ocrx_word' id='word_1_127' title='bbox 200 2335 364 2398; x_wconf 86' lang='lat' dir='ltr'><strong>Praesens</strong></span> <span class='ocrx_word' id='word_1_128' title='bbox 388 2333 502 2418; x_wconf 82' lang='lat' dir='ltr'><strong>regula</strong></span> <span class='ocrx_word' id='word_1_129' title='bbox 527 2332 717 2417; x_wconf 87' lang='lat' dir='ltr'><strong>specialiter</strong></span> <span class='ocrx_word' id='word_1_130' title='bbox 742 2333 782 2396; x_wconf 91' lang='lat' dir='ltr'><strong>de</strong></span> <span class='ocrx_word' id='word_1_131' title='bbox 807 2355 844 2405; x_wconf 90' lang='lat' dir='ltr'><strong>eo</strong></span> <span class='ocrx_word' id='word_1_132' title='bbox 868 2333 1025 2419; x_wconf 87' lang='lat' dir='ltr'><strong>loquitur,</strong></span> <span class='ocrx_word' id='word_1_133' title='bbox 1051 2333 1139 2418; x_wconf 91' lang='lat' dir='ltr'><strong>quod</strong></span> <span class='ocrx_word' id='word_1_134' title='bbox 1161 2332 1203 2396; x_wconf 94' lang='lat' dir='ltr'><strong>ob</strong></span> 
     </span>
     <span class='ocr_line' id='line_1_18' title="bbox 111 2430 1204 2514; baseline 0 -20"><span class='ocrx_word' id='word_1_135' title='bbox 111 2433 350 2514; x_wconf 90' lang='lat' dir='ltr'><strong>necessitatem,</strong></span> <span class='ocrx_word' id='word_1_136' title='bbox 376 2433 408 2496; x_wconf 93' lang='lat' dir='ltr'><strong>h.</strong></span> <span class='ocrx_word' id='word_1_137' title='bbox 435 2455 473 2514; x_wconf 86' lang='lat' dir='ltr'><strong>e.,</strong></span> <span class='ocrx_word' id='word_1_138' title='bbox 499 2430 712 2514; x_wconf 85' lang='lat' dir='ltr'><strong>exigentibus</strong></span> <span class='ocrx_word' id='word_1_139' title='bbox 737 2432 958 2496; x_wconf 87' lang='lat' dir='ltr'><strong>exterioribus</strong></span> <span class='ocrx_word' id='word_1_140' title='bbox 982 2454 1103 2513; x_wconf 87' lang='lat' dir='ltr'><strong>rerum,</strong></span> <span class='ocrx_word' id='word_1_141' title='bbox 1120 2431 1204 2495; x_wconf 91' lang='lat' dir='ltr'><strong>loco-</strong></span> 
     </span>
     <span class='ocr_line' id='line_1_19' title="bbox 109 2528 1202 2616; baseline 0 -24"><span class='ocrx_word' id='word_1_142' title='bbox 109 2553 183 2593; x_wconf 86' lang='lat' dir='ltr'><strong>rum</strong></span> <span class='ocrx_word' id='word_1_143' title='bbox 199 2551 481 2616; x_wconf 89' lang='lat' dir='ltr'><strong>personarumque</strong></span> <span class='ocrx_word' id='word_1_144' title='bbox 495 2528 662 2614; x_wconf 88' lang='lat' dir='ltr'><strong>adjunctis</strong></span> <span class='ocrx_word' id='word_1_145' title='bbox 679 2529 887 2614; x_wconf 70' lang='lat' dir='ltr'><strong>conceditur,</strong></span> <span class='ocrx_word' id='word_1_146' title='bbox 903 2530 982 2594; x_wconf 90' lang='lat' dir='ltr'><strong>dum</strong></span> <span class='ocrx_word' id='word_1_147' title='bbox 999 2529 1202 2615; x_wconf 83' lang='lat' dir='ltr'><strong>praecedens</strong></span> 
     </span>
     <span class='ocr_line' id='line_1_20' title="bbox 111 2628 1203 2713; baseline -0.001 -22"><span class='ocrx_word' id='word_1_148' title='bbox 111 2630 199 2692; x_wconf 88' lang='lat' dir='ltr'><strong>eirca</strong></span> <span class='ocrx_word' id='word_1_149' title='bbox 224 2629 258 2693; x_wconf 91' lang='lat' dir='ltr'><strong>id</strong></span> <span class='ocrx_word' id='word_1_150' title='bbox 284 2638 443 2710; x_wconf 86' lang='lat' dir='ltr'><strong>versatur,</strong></span> <span class='ocrx_word' id='word_1_151' title='bbox 469 2628 558 2713; x_wconf 90' lang='lat' dir='ltr'><strong>quod</strong></span> <span class='ocrx_word' id='word_1_152' title='bbox 590 2651 632 2692; x_wconf 89' lang='lat' dir='ltr'><strong>ex</strong></span> <span class='ocrx_word' id='word_1_153' title='bbox 665 2629 779 2692; x_wconf 85' lang='lat' dir='ltr'><strong>favore</strong></span> <span class='ocrx_word' id='word_1_154' title='bbox 811 2638 843 2692; x_wconf 93' lang='lat' dir='ltr'><strong>et</strong></span> <span class='ocrx_word' id='word_1_155' title='bbox 866 2631 973 2712; x_wconf 85' lang='lat' dir='ltr'><strong>gratia</strong></span> <span class='ocrx_word' id='word_1_156' title='bbox 998 2628 1203 2713; x_wconf 79' lang='lat' dir='ltr'><strong>indulgetur3</strong></span> 
     </span>
     <span class='ocr_line' id='line_1_21' title="bbox 110 2727 1204 2814; baseline -0.002 -23"><span class='ocrx_word' id='word_1_157' title='bbox 110 2727 184 2791; x_wconf 91' lang='lat' dir='ltr'><strong>ideo</strong></span> <span class='ocrx_word' id='word_1_158' title='bbox 209 2728 334 2813; x_wconf 83' lang='lat' dir='ltr'><strong>,regula</strong></span> <span class='ocrx_word' id='word_1_159' title='bbox 358 2727 441 2790; x_wconf 89' lang='lat' dir='ltr'><strong>haec</strong></span> <span class='ocrx_word' id='word_1_160' title='bbox 465 2749 531 2790; x_wconf 91' lang='lat' dir='ltr'><strong>non</strong></span> <span class='ocrx_word' id='word_1_161' title='bbox 547 2727 722 2813; x_wconf 89' lang='lat' dir='ltr'><strong>superfluit</strong></span> <span class='ocrx_word' id='word_1_162' title='bbox 737 2743 796 2813; x_wconf 85' lang='lat' dir='ltr'><strong>per</strong></span> <span class='ocrx_word' id='word_1_163' title='bbox 813 2727 896 2810; x_wconf 90' lang='lat' dir='ltr'><strong>illas,</strong></span> <span class='ocrx_word' id='word_1_164' title='bbox 922 2751 1007 2814; x_wconf 87' lang='lat' dir='ltr'><strong>quae</strong></span> <span class='ocrx_word' id='word_1_165' title='bbox 1024 2729 1204 2814; x_wconf 89' lang='lat' dir='ltr'><strong>loquuntur</strong></span> 
     </span>
     <span class='ocr_line' id='line_1_22' title="bbox 111 2825 1203 2913; baseline 0 -23"><span class='ocrx_word' id='word_1_166' title='bbox 111 2825 151 2891; x_wconf 93' lang='lat' dir='ltr'><strong>de</strong></span> <span class='ocrx_word' id='word_1_167' title='bbox 176 2848 224 2908; x_wconf 87' lang='lat' dir='ltr'><strong>eo,</strong></span> <span class='ocrx_word' id='word_1_168' title='bbox 250 2827 337 2912; x_wconf 92' lang='lat' dir='ltr'><strong>quod</strong></span> <span class='ocrx_word' id='word_1_169' title='bbox 363 2825 557 2890; x_wconf 88' lang='lat' dir='ltr'><strong>conceditur</strong></span> <span class='ocrx_word' id='word_1_170' title='bbox 580 2825 622 2890; x_wconf 94' lang='lat' dir='ltr'><strong>ob</strong></span> <span class='ocrx_word' id='word_1_171' title='bbox 646 2827 796 2891; x_wconf 87' lang='lat' dir='ltr'><strong>favorem</strong></span> <span class='ocrx_word' id='word_1_172' title='bbox 823 2827 876 2890; x_wconf 89' lang='lat' dir='ltr'><strong>vel</strong></span> <span class='ocrx_word' id='word_1_173' title='bbox 899 2831 1067 2913; x_wconf 81' lang='lat' dir='ltr'><strong>gratiam‘:</strong></span> <span class='ocrx_word' id='word_1_174' title='bbox 1094 2849 1203 2913; x_wconf 89' lang='lat' dir='ltr'><strong>quem-</strong></span> 
     </span>
     <span class='ocr_line' id='line_1_23' title="bbox 109 2923 790 3008; baseline 0.006 -21"><span class='ocrx_word' id='word_1_175' title='bbox 109 2923 289 2989; x_wconf 89' lang='lat' dir='ltr'><strong>admodum</strong></span> <span class='ocrx_word' id='word_1_176' title='bbox 314 2925 555 2990; x_wconf 85' lang='lat' dir='ltr'><strong>animadvertit</strong></span> <span class='ocrx_word' id='word_1_177' title='bbox 578 2925 621 3008; x_wconf 86' lang='lat' dir='ltr'><strong>gl.</strong></span> <span class='ocrx_word' id='word_1_178' title='bbox 647 2925 689 2989; x_wconf 87' lang='lat' dir='ltr'><strong>ad</strong></span> <span class='ocrx_word' id='word_1_179' title='bbox 715 2924 745 2990; x_wconf 92' lang='lat' dir='ltr'><strong>h.</strong></span> <span class='ocrx_word' id='word_1_180' title='bbox 770 2926 790 2992; x_wconf 93' lang='lat' dir='ltr'><strong>l.</strong></span> 
     </span>
    </p>

    <p class='ocr_par' dir='ltr' id='par_1_6' title="bbox 109 3023 1204 3485">
     <span class='ocr_line' id='line_1_24' title="bbox 198 3023 1202 3110; baseline -0.002 -22"><span class='ocrx_word' id='word_1_181' title='bbox 198 3023 321 3089; x_wconf 89' lang='lat' dir='ltr'><strong>Sensus</strong></span> <span class='ocrx_word' id='word_1_182' title='bbox 345 3034 455 3088; x_wconf 88' lang='lat' dir='ltr'><strong>autem</strong></span> <span class='ocrx_word' id='word_1_183' title='bbox 479 3023 612 3108; x_wconf 85' lang='lat' dir='ltr'><strong>regulae</strong></span> <span class='ocrx_word' id='word_1_184' title='bbox 636 3033 684 3087; x_wconf 91' lang='lat' dir='ltr'><strong>est</strong></span> <span class='ocrx_word' id='word_1_185' title='bbox 708 3024 885 3109; x_wconf 89' lang='lat' dir='ltr'><strong>ejusmodi:</strong></span> <span class='ocrx_word' id='word_1_186' title='bbox 911 3025 950 3089; x_wconf 91' lang='lat' dir='ltr'><strong>Id</strong></span> <span class='ocrx_word' id='word_1_187' title='bbox 976 3024 1064 3110; x_wconf 91' lang='lat' dir='ltr'><strong>quod</strong></span> <span class='ocrx_word' id='word_1_188' title='bbox 1079 3025 1202 3088; x_wconf 91' lang='lat' dir='ltr'><strong>intuitu</strong></span> 
     </span>
     <span class='ocr_line' id='line_1_25' title="bbox 110 3122 1204 3208; baseline 0.002 -24"><span class='ocrx_word' id='word_1_189' title='bbox 110 3125 257 3206; x_wconf 85' lang='lat' dir='ltr'><strong>urgentis</strong></span> <span class='ocrx_word' id='word_1_190' title='bbox 281 3122 423 3208; x_wconf 89' lang='lat' dir='ltr'><strong>alicujus</strong></span> <span class='ocrx_word' id='word_1_191' title='bbox 450 3124 564 3207; x_wconf 85' lang='lat' dir='ltr'><strong>gravis</strong></span> <span class='ocrx_word' id='word_1_192' title='bbox 595 3126 801 3187; x_wconf 88' lang='lat' dir='ltr'><strong>necessitatis</strong></span> <span class='ocrx_word' id='word_1_193' title='bbox 833 3124 975 3189; x_wconf 91' lang='lat' dir='ltr'><strong>subinde</strong></span> <span class='ocrx_word' id='word_1_194' title='bbox 1008 3124 1204 3188; x_wconf 87' lang='lat' dir='ltr'><strong>conceditur</strong></span> 
     </span>
     <span class='ocr_line' id='line_1_26' title="bbox 109 3220 1201 3308; baseline 0.003 -25"><span class='ocrx_word' id='word_1_195' title='bbox 109 3230 167 3284; x_wconf 90' lang='lat' dir='ltr'><strong>aut</strong></span> <span class='ocrx_word' id='word_1_196' title='bbox 190 3224 402 3307; x_wconf 88' lang='lat' dir='ltr'><strong>permittitur,</strong></span> <span class='ocrx_word' id='word_1_197' title='bbox 427 3223 469 3286; x_wconf 87' lang='lat' dir='ltr'><strong>ab</strong></span> <span class='ocrx_word' id='word_1_198' title='bbox 494 3220 569 3285; x_wconf 88' lang='lat' dir='ltr'><strong>aliis</strong></span> <span class='ocrx_word' id='word_1_199' title='bbox 593 3223 679 3285; x_wconf 89' lang='lat' dir='ltr'><strong>sumi</strong></span> <span class='ocrx_word' id='word_1_200' title='bbox 704 3244 771 3286; x_wconf 91' lang='lat' dir='ltr'><strong>non</strong></span> <span class='ocrx_word' id='word_1_201' title='bbox 797 3221 896 3286; x_wconf 88' lang='lat' dir='ltr'><strong>debet</strong></span> <span class='ocrx_word' id='word_1_202' title='bbox 920 3244 978 3307; x_wconf 89' lang='lat' dir='ltr'><strong>pro</strong></span> <span class='ocrx_word' id='word_1_203' title='bbox 995 3231 1201 3308; x_wconf 82' lang='lat' dir='ltr'><strong>argumento,</strong></span> 
     </span>
     <span class='ocr_line' id='line_1_27' title="bbox 110 3319 1203 3406; baseline 0.002 -23"><span class='ocrx_word' id='word_1_204' title='bbox 110 3322 204 3404; x_wconf 91' lang='lat' dir='ltr'><strong>quasi</strong></span> <span class='ocrx_word' id='word_1_205' title='bbox 238 3330 270 3384; x_wconf 90' lang='lat' dir='ltr'><strong>et</strong></span> <span class='ocrx_word' id='word_1_206' title='bbox 302 3320 368 3385; x_wconf 91' lang='lat' dir='ltr'><strong>illis</strong></span> <span class='ocrx_word' id='word_1_207' title='bbox 402 3322 437 3385; x_wconf 93' lang='lat' dir='ltr'><strong>in</strong></span> <span class='ocrx_word' id='word_1_208' title='bbox 470 3319 662 3406; x_wconf 90' lang='lat' dir='ltr'><strong>hujusmodi</strong></span> <span class='ocrx_word' id='word_1_209' title='bbox 697 3343 774 3384; x_wconf 89' lang='lat' dir='ltr'><strong>casu</strong></span> <span class='ocrx_word' id='word_1_210' title='bbox 807 3322 1005 3406; x_wconf 92' lang='lat' dir='ltr'><strong>permissum</strong></span> <span class='ocrx_word' id='word_1_211' title='bbox 1039 3331 1096 3385; x_wconf 87' lang='lat' dir='ltr'><strong>aut</strong></span> <span class='ocrx_word' id='word_1_212' title='bbox 1128 3344 1203 3386; x_wconf 89' lang='lat' dir='ltr'><strong>con·</strong></span> 
     </span>
     <span class='ocr_line' id='line_1_28' title="bbox 110 3423 830 3485; baseline 0.001 -3"><span class='ocrx_word' id='word_1_213' title='bbox 110 3441 239 3485; x_wconf 85' lang='lat' dir='ltr'><strong>cessum</strong></span> <span class='ocrx_word' id='word_1_214' title='bbox 264 3423 369 3484; x_wconf 81' lang='lat' dir='ltr'><strong>esset‘.</strong></span> <span class='ocrx_word' id='word_1_215' title='bbox 829 3439 830 3444; x_wconf 72' lang='grc'>’</span> 
     </span>
    </p>

    <p class='ocr_par' dir='ltr' id='par_1_7' title="bbox 106 3515 1201 4589">
     <span class='ocr_line' id='line_1_29' title="bbox 196 3515 1201 3602; baseline 0.002 -22"><span class='ocrx_word' id='word_1_216' title='bbox 196 3515 304 3598; x_wconf 89' lang='lat' dir='ltr'><strong>,Ratio</strong></span> <span class='ocrx_word' id='word_1_217' title='bbox 334 3516 467 3601; x_wconf 86' lang='lat' dir='ltr'><strong>regulae</strong></span> <span class='ocrx_word' id='word_1_218' title='bbox 500 3525 558 3598; x_wconf 88' lang='lat' dir='ltr'><strong>est,</strong></span> <span class='ocrx_word' id='word_1_219' title='bbox 583 3518 692 3602; x_wconf 91' lang='lat' dir='ltr'><strong>inquit</strong></span> <span class='ocrx_word' id='word_1_220' title='bbox 721 3517 1007 3600; x_wconf 84' lang='lat' dir='ltr'><strong>Reiffenstuel,</strong></span> <span class='ocrx_word' id='word_1_221' title='bbox 1043 3518 1086 3581; x_wconf 92' lang='lat' dir='ltr'><strong>ad</strong></span> <span class='ocrx_word' id='word_1_222' title='bbox 1111 3517 1143 3584; x_wconf 89' lang='lat' dir='ltr'><strong>h.</strong></span> <span class='ocrx_word' id='word_1_223' title='bbox 1168 3519 1201 3602; x_wconf 87' lang='lat' dir='ltr'><strong>l.,</strong></span> 
     </span>
     <span class='ocr_line' id='line_1_30' title="bbox 107 3613 1194 3702; baseline 0.001 -23"><span class='ocrx_word' id='word_1_224' title='bbox 107 3617 194 3702; x_wconf 90' lang='lat' dir='ltr'><strong>quia,</strong></span> <span class='ocrx_word' id='word_1_225' title='bbox 218 3637 321 3701; x_wconf 89' lang='lat' dir='ltr'><strong>quum</strong></span> <span class='ocrx_word' id='word_1_226' title='bbox 346 3613 536 3700; x_wconf 89' lang='lat' dir='ltr'><strong>hujusmodi</strong></span> <span class='ocrx_word' id='word_1_227' title='bbox 560 3617 790 3680; x_wconf 88' lang='lat' dir='ltr'><strong>concessiones</strong></span> <span class='ocrx_word' id='word_1_228' title='bbox 814 3639 833 3680; x_wconf 85' lang='lat' dir='ltr'><strong>a</strong></span> <span class='ocrx_word' id='word_1_229' title='bbox 852 3617 928 3702; x_wconf 90' lang='lat' dir='ltr'><strong>jure</strong></span> <span class='ocrx_word' id='word_1_230' title='bbox 953 3619 1122 3680; x_wconf 91' lang='lat' dir='ltr'><strong>communi</strong></span> <span class='ocrx_word' id='word_1_231' title='bbox 1141 3641 1194 3681; x_wconf 89' lang='lat' dir='ltr'><strong>ex-</strong></span> 
     </span>
     <span class='ocr_line' id='line_1_31' title="bbox 106 3714 1199 3800; baseline -0.001 -21"><span class='ocrx_word' id='word_1_232' title='bbox 106 3715 259 3796; x_wconf 88' lang='lat' dir='ltr'><strong>orbitent,</strong></span> <span class='ocrx_word' id='word_1_233' title='bbox 293 3716 328 3778; x_wconf 91' lang='lat' dir='ltr'><strong>in</strong></span> <span class='ocrx_word' id='word_1_234' title='bbox 361 3715 632 3799; x_wconf 85' lang='lat' dir='ltr'><strong>consequentiam</strong></span> <span class='ocrx_word' id='word_1_235' title='bbox 666 3736 732 3778; x_wconf 92' lang='lat' dir='ltr'><strong>non</strong></span> <span class='ocrx_word' id='word_1_236' title='bbox 763 3724 840 3778; x_wconf 91' lang='lat' dir='ltr'><strong>sunt</strong></span> <span class='ocrx_word' id='word_1_237' title='bbox 873 3714 1066 3798; x_wconf 87' lang='lat' dir='ltr'><strong>trahendae,</strong></span> <span class='ocrx_word' id='word_1_238' title='bbox 1096 3716 1199 3800; x_wconf 84' lang='lat' dir='ltr'><strong>juxta</strong></span> 
     </span>
     <span class='ocr_line' id='line_1_32' title="bbox 106 3812 1198 3897; baseline 0.003 -21"><span class='ocrx_word' id='word_1_239' title='bbox 106 3814 289 3897; x_wconf 89' lang='lat' dir='ltr'><strong>superiores</strong></span> <span class='ocrx_word' id='word_1_240' title='bbox 319 3813 450 3897; x_wconf 82' lang='lat' dir='ltr'><strong>regulas</strong></span> <span class='ocrx_word' id='word_1_241' title='bbox 483 3812 615 3894; x_wconf 69' lang='lat' dir='ltr'><strong>allatas,</strong></span> <span class='ocrx_word' id='word_1_242' title='bbox 657 3815 733 3896; x_wconf 89' lang='lat' dir='ltr'><strong>imo,</strong></span> <span class='ocrx_word' id='word_1_243' title='bbox 767 3836 833 3878; x_wconf 92' lang='lat' dir='ltr'><strong>non</strong></span> <span class='ocrx_word' id='word_1_244' title='bbox 864 3823 994 3878; x_wconf 87' lang='lat' dir='ltr'><strong>tanturn</strong></span> <span class='ocrx_word' id='word_1_245' title='bbox 1032 3836 1099 3878; x_wconf 94' lang='lat' dir='ltr'><strong>non</strong></span> <span class='ocrx_word' id='word_1_246' title='bbox 1134 3825 1198 3879; x_wconf 88' lang='lat' dir='ltr'><strong>tra·</strong></span> 
     </span>
     <span class='ocr_line' id='line_1_33' title="bbox 106 3902 1200 3997; baseline 0.002 -23"><span class='ocrx_word' id='word_1_247' title='bbox 106 3910 235 3976; x_wconf 89' lang='lat' dir='ltr'><strong>hendae</strong></span> <span class='ocrx_word' id='word_1_248' title='bbox 260 3913 294 3975; x_wconf 95' lang='lat' dir='ltr'><strong>in</strong></span> <span class='ocrx_word' id='word_1_249' title='bbox 318 3911 517 3996; x_wconf 87' lang='lat' dir='ltr'><strong>exemplum,</strong></span> <span class='ocrx_word' id='word_1_250' title='bbox 542 3911 600 3975; x_wconf 90' lang='lat' dir='ltr'><strong>sed</strong></span> <span class='ocrx_word' id='word_1_251' title='bbox 624 3913 659 3974; x_wconf 91' lang='lat' dir='ltr'><strong>in</strong></span> <span class='ocrx_word' id='word_1_252' title='bbox 684 3902 755 3997; x_wconf 87' lang='lat' dir='ltr'><strong>ipso</strong></span> <span class='ocrx_word' id='word_1_253' title='bbox 780 3915 891 3994; x_wconf 88' lang='lat' dir='ltr'><strong>etiam,</strong></span> <span class='ocrx_word' id='word_1_254' title='bbox 917 3915 972 3978; x_wconf 89' lang='lat' dir='ltr'><strong>eui</strong></span> <span class='ocrx_word' id='word_1_255' title='bbox 989 3912 1097 3976; x_wconf 85' lang='lat' dir='ltr'><strong>factae</strong></span> <span class='ocrx_word' id='word_1_256' title='bbox 1112 3924 1200 3994; x_wconf 89' lang='lat' dir='ltr'><strong>sunt,</strong></span> 
     </span>
     <span class='ocr_line' id='line_1_34' title="bbox 108 4009 1200 4097; baseline 0.004 -25"><span class='ocrx_word' id='word_1_257' title='bbox 108 4032 235 4074; x_wconf 88' lang='lat' dir='ltr'><strong>cessare</strong></span> <span class='ocrx_word' id='word_1_258' title='bbox 263 4009 394 4091; x_wconf 89' lang='lat' dir='ltr'><strong>debent,</strong></span> <span class='ocrx_word' id='word_1_259' title='bbox 433 4013 628 4074; x_wconf 88' lang='lat' dir='ltr'><strong>necessitate</strong></span> <span class='ocrx_word' id='word_1_260' title='bbox 652 4019 811 4097; x_wconf 90' lang='lat' dir='ltr'><strong>tanquam</strong></span> <span class='ocrx_word' id='word_1_261' title='bbox 844 4035 944 4075; x_wconf 88' lang='lat' dir='ltr'><strong>causa</strong></span> <span class='ocrx_word' id='word_1_262' title='bbox 976 4014 1200 4076; x_wconf 90' lang='lat' dir='ltr'><strong>concessionis</strong></span> 
     </span>
     <span class='ocr_line' id='line_1_35' title="bbox 108 4105 1199 4195; baseline 0.002 -23"><span class='ocrx_word' id='word_1_263' title='bbox 108 4117 274 4172; x_wconf 87' lang='lat' dir='ltr'><strong>cessante:</strong></span> <span class='ocrx_word' id='word_1_264' title='bbox 314 4105 349 4173; x_wconf 82' lang='grc' dir='ltr'><strong>Ο.</strong></span> <span class='ocrx_word' id='word_1_265' title='bbox 376 4107 474 4187; x_wconf 75' lang='lat' dir='ltr'><strong>Quod</strong></span> <span class='ocrx_word' id='word_1_266' title='bbox 499 4130 558 4193; x_wconf 90' lang='lat' dir='ltr'><strong>pro</strong></span> <span class='ocrx_word' id='word_1_267' title='bbox 582 4109 636 4173; x_wconf 88' lang='grc'><strong>41.</strong></span> <span class='ocrx_word' id='word_1_268' title='bbox 662 4108 696 4175; x_wconf 82' lang='lat' dir='ltr'><strong>O.</strong></span> <span class='ocrx_word' id='word_1_269' title='bbox 726 4113 753 4175; x_wconf 92' lang='lat'><strong>1.</strong></span> <span class='ocrx_word' id='word_1_270' title='bbox 780 4133 810 4195; x_wconf 91' lang='lat' dir='ltr'><strong>q.</strong></span> <span class='ocrx_word' id='word_1_271' title='bbox 839 4111 874 4172; x_wconf 92' lang='lat'><strong>1:</strong></span> <span class='ocrx_word' id='word_1_272' title='bbox 900 4110 967 4174; x_wconf 82' lang='lat' dir='ltr'><strong>ibi:</strong></span> <span class='ocrx_word' id='word_1_273' title='bbox 998 4109 1117 4189; x_wconf 77' lang='lat' dir='ltr'><strong>„Quod</strong></span> <span class='ocrx_word' id='word_1_274' title='bbox 1141 4133 1199 4195; x_wconf 89' lang='lat' dir='ltr'><strong>pro</strong></span> 
     </span>
     <span class='ocr_line' id='line_1_36' title="bbox 108 4209 1200 4292; baseline 0.001 -22"><span class='ocrx_word' id='word_1_275' title='bbox 108 4209 302 4271; x_wconf 88' lang='lat' dir='ltr'><strong>necessitate</strong></span> <span class='ocrx_word' id='word_1_276' title='bbox 336 4209 493 4292; x_wconf 89' lang='lat' dir='ltr'><strong>temporis</strong></span> <span class='ocrx_word' id='word_1_277' title='bbox 526 4216 683 4271; x_wconf 90' lang='lat' dir='ltr'><strong>statutum</strong></span> <span class='ocrx_word' id='word_1_278' title='bbox 719 4217 776 4290; x_wconf 87' lang='lat' dir='ltr'><strong>est,</strong></span> <span class='ocrx_word' id='word_1_279' title='bbox 818 4219 967 4272; x_wconf 88' lang='lat' dir='ltr'><strong>cessante</strong></span> <span class='ocrx_word' id='word_1_280' title='bbox 1002 4211 1200 4272; x_wconf 88' lang='lat' dir='ltr'><strong>necessitate</strong></span> 
     </span>
     <span class='ocr_line' id='line_1_37' title="bbox 106 4304 1197 4391; baseline 0.001 -22"><span class='ocrx_word' id='word_1_281' title='bbox 106 4305 204 4370; x_wconf 91' lang='lat' dir='ltr'><strong>debet</strong></span> <span class='ocrx_word' id='word_1_282' title='bbox 217 4307 332 4391; x_wconf 90' lang='lat' dir='ltr'><strong>utique</strong></span> <span class='ocrx_word' id='word_1_283' title='bbox 356 4307 516 4370; x_wconf 81' lang='lat' dir='ltr'><strong>cessare“.</strong></span> <span class='ocrx_word' id='word_1_284' title='bbox 543 4304 642 4384; x_wconf 75' lang='lat' dir='ltr'><strong>Quod</strong></span> <span class='ocrx_word' id='word_1_285' title='bbox 659 4306 748 4370; x_wconf 90' lang='lat' dir='ltr'><strong>idem</strong></span> <span class='ocrx_word' id='word_1_286' title='bbox 764 4308 924 4390; x_wconf 87' lang='lat' dir='ltr'><strong>repetitur</strong></span> <span class='ocrx_word' id='word_1_287' title='bbox 942 4305 977 4372; x_wconf 80' lang='lat' dir='ltr'><strong>O.</strong></span> <span class='ocrx_word' id='word_1_288' title='bbox 996 4306 1093 4386; x_wconf 80' lang='lat' dir='ltr'><strong>Quod</strong></span> <span class='ocrx_word' id='word_1_289' title='bbox 1108 4308 1197 4370; x_wconf 91' lang='lat' dir='ltr'><strong>idem</strong></span> 
     </span>
     <span class='ocr_line' id='line_1_38' title="bbox 106 4402 1198 4491; baseline 0.002 -24"><span class='ocrx_word' id='word_1_290' title='bbox 106 4426 163 4491; x_wconf 91' lang='lat' dir='ltr'><strong>pro</strong></span> <span class='ocrx_word' id='word_1_291' title='bbox 188 4403 334 4466; x_wconf 91' lang='lat' dir='ltr'><strong>remedio</strong></span> <span class='ocrx_word' id='word_1_292' title='bbox 360 4405 389 4470; x_wconf 77' lang='lat'><strong>7.</strong></span> <span class='ocrx_word' id='word_1_293' title='bbox 426 4402 462 4469; x_wconf 79' lang='lat' dir='ltr'><strong>O.</strong></span> <span class='ocrx_word' id='word_1_294' title='bbox 490 4406 518 4484; x_wconf 87' lang='lat'><strong>1,</strong></span> <span class='ocrx_word' id='word_1_295' title='bbox 544 4426 573 4488; x_wconf 92' lang='lat' dir='ltr'><strong>q.</strong></span> <span class='ocrx_word' id='word_1_296' title='bbox 600 4405 627 4468; x_wconf 78' lang='lat'><strong>7.</strong></span> <span class='ocrx_word' id='word_1_297' title='bbox 663 4405 706 4468; x_wconf 85' lang='lat' dir='ltr'><strong>Et</strong></span> <span class='ocrx_word' id='word_1_298' title='bbox 734 4406 862 4486; x_wconf 88' lang='lat' dir='ltr'><strong>merito,</strong></span> <span class='ocrx_word' id='word_1_299' title='bbox 901 4427 1016 4490; x_wconf 88' lang='lat' dir='ltr'><strong>‚quum</strong></span> <span class='ocrx_word' id='word_1_300' title='bbox 1048 4415 1198 4469; x_wconf 87' lang='lat' dir='ltr'><strong>cessante</strong></span> 
     </span>
     <span class='ocr_line' id='line_1_39' title="bbox 106 4500 1199 4589; baseline 0.003 -23"><span class='ocrx_word' id='word_1_301' title='bbox 106 4524 205 4567; x_wconf 87' lang='lat' dir='ltr'><strong>causa</strong></span> <span class='ocrx_word' id='word_1_302' title='bbox 229 4511 333 4565; x_wconf 88' lang='lat' dir='ltr'><strong>cesset</strong></span> <span class='ocrx_word' id='word_1_303' title='bbox 357 4501 510 4564; x_wconf 85' lang='lat' dir='ltr'><strong>effectus:</strong></span> <span class='ocrx_word' id='word_1_304' title='bbox 537 4500 573 4567; x_wconf 80' lang='lat' dir='ltr'><strong>O.</strong></span> <span class='ocrx_word' id='word_1_305' title='bbox 599 4504 711 4582; x_wconf 73' lang='lat' dir='ltr'><strong>Quum</strong></span> <span class='ocrx_word' id='word_1_306' title='bbox 729 4513 878 4567; x_wconf 89' lang='lat' dir='ltr'><strong>cessante</strong></span> <span class='ocrx_word' id='word_1_307' title='bbox 895 4503 948 4568; x_wconf 82' lang='lat'><strong>60.</strong></span> <span class='ocrx_word' id='word_1_308' title='bbox 973 4504 1014 4568; x_wconf 86' lang='lat' dir='ltr'><strong>de</strong></span> <span class='ocrx_word' id='word_1_309' title='bbox 1032 4504 1199 4589; x_wconf 83' lang='lat' dir='ltr'><strong>appellat‘.</strong></span> 
     </span>
    </p>
   </div>
   <div class='ocr_carea' id='block_1_4' title="bbox 185 4625 1075 4698">
    <p class='ocr_par' dir='ltr' id='par_1_8' title="bbox 185 4625 1075 4698">
     <span class='ocr_line' id='line_1_40' title="bbox 185 4625 1075 4698; baseline 0.017 -31"><span class='ocrx_word' id='word_1_310' title='bbox 185 4628 290 4681; x_wconf 82' lang='lat' dir='ltr'><strong>Nilles,</strong></span> <span class='ocrx_word' id='word_1_311' title='bbox 304 4629 406 4668; x_wconf 82' lang='lat' dir='ltr'><strong>Tolereri</strong></span> <span class='ocrx_word' id='word_1_312' title='bbox 421 4631 504 4679; x_wconf 84' lang='lat' dir='ltr'><strong>potest.</strong></span> <span class='ocrx_word' id='word_1_313' title='bbox 622 4625 680 4698; x_wconf 85' lang='grc'>(49)</span> <span class='ocrx_word' id='word_1_314' title='bbox 1058 4631 1075 4682; x_wconf 82' lang='grc'>4</span> 
     </span>
    </p>
   </div>
   <div class='ocr_carea' id='block_1_5' title="bbox 0 0 1614 5446">
    <p class='ocr_par' dir='ltr' id='par_1_9' title="bbox 0 0 1614 5446">
     <span class='ocr_line' id='line_1_41' title="bbox 0 0 1614 5446; baseline 0 1"><span class='ocrx_word' id='word_1_315' title='bbox 0 0 1614 5446; x_wconf 95' lang='lat' dir='ltr'><strong> </strong></span> 
     </span>
    </p>
   </div>
  </div>
 </body>
</html>
