3218 5446
600 531 638 588 H.
658 532 698 586 De
717 531 870 586 rationibus
888 530 991 586 decreti
1010 528 1174 584 tolerantiae

341 645 581 654 ——q-n—
584 643 958 653 ffl———ae

633 818 669 888 O.
695 819 767 884 Nisi
792 828 903 884 essent
926 819 978 883 21.
1005 818 1075 884 eod.
1100 820 1149 884 tit.

431 982 484 1050 36.
525 981 683 1046 Succedit
717 979 752 1048 Ο.
785 980 858 1044 Nisi
890 989 1000 1045 essent
1024 981 1065 1046 21
1101 978 1250 1064 ejusdem
1275 980 1335 1062 tit,
1369 1001 1442 1065 quo

341 1083 453 1164 agitur
488 1080 531 1144 de
555 1081 793 1159 compositione
826 1078 939 1162 (vulgo
972 1077 1279 1160 accomodamento)
1302 1100 1322 1141 a
1342 1078 1443 1158 ,viris

342 1178 492 1263 providis
516 1188 548 1242 et
571 1177 718 1243 honestis
742 1178 851 1258 facta‘,
877 1187 909 1240 et
933 1175 975 1240 ab
992 1175 1156 1260 omuibus,
1182 1197 1323 1261 quorum
1338 1176 1442 1239 inter·

342 1285 422 1358 erat,
447 1285 629 1362 acceptata,
655 1277 750 1362 cujus
774 1287 895 1356 tamen,
922 1276 1000 1361 quia
1024 1275 1138 1361 aliqua
1163 1296 1204 1338 ex
1219 1284 1312 1360 parte
1329 1297 1348 1336 a
1358 1274 1440 1360 jure

342 1376 510 1438 communi
525 1374 699 1438 deflectere
714 1373 899 1454 videbatur,
917 1372 1112 1459 approbatio
1130 1372 1311 1458 apostolica
1327 1371 1442 1435 fuerat

343 1473 454 1557 petita.
478 1474 695 1536 Innocentius
720 1471 784 1538 ΡΡ,
810 1471 873 1536 ΙΙΙ.
898 1470 1184 1535 confirmationem
1210 1469 1344 1556 quidem
1369 1492 1437 1534 non

342 1569 443 1655 dedit,
468 1571 526 1636 sed
543 1571 698 1657 prudenti
716 1570 943 1634 moderatione
959 1591 1038 1633 usus
1054 1569 1341 1654 ,compositionem
1357 1566 1437 1631 tole-

341 1671 438 1747 ravit,
462 1668 504 1733 ob
529 1691 646 1734 causas
671 1671 705 1732 in
730 1677 823 1732 textu
849 1689 1032 1754 expressas,
1057 1666 1223 1748 videlicet,
1245 1667 1323 1752 quia
1346 1666 1438 1730 facta

341 1767 404 1830 fuit
427 1790 485 1853 pro
510 1768 596 1832 bono
621 1770 713 1853 pacis
738 1777 770 1832 ct
794 1767 956 1848 utilitatis,
982 1777 1014 1830 et
1031 1768 1109 1852 quia
1125 1767 1252 1853 placuit
1269 1765 1436 1832 omnibus.

342 1865 386 1928 Et
409 1866 436 1928 si
460 1864 553 1951 Papa
577 1868 849 1950 compositionem
866 1889 931 1931 non
948 1866 1130 1946 tolerasset,
1155 1866 1335 1929 auctoritas
1345 1863 1436 1950 judi-

343 1965 390 2026 cis
415 1985 482 2027 non
506 1966 622 2028 fuisset
646 1965 825 2048 sufficiens,
860 1965 1004 2051 quiade
1031 1965 1107 2049 jure
1132 1964 1196 2028 hoc
1226 1964 1335 2028 facere
1369 1986 1437 2028 non

342 2070 480 2147 poterat.
506 2063 604 2127 Unde
629 2063 711 2127 dicit
735 2063 840 2150 Papa:
874 2087 934 2128 nos
958 2086 1032 2128 eam
1056 2063 1119 2128 hoc
1143 2062 1294 2128 adhibito
1327 2061 1438 2126 mode-

341 2162 470 2224 ramine
494 2161 681 2244 toleramus,
707 2173 739 2226 et
763 2164 806 2227 ad
830 2173 971 2250 tempus,
1007 2170 1042 2226 ut
1066 2161 1336 2248 sequitur‘1).Et
1359 2160 1440 2224 licet

342 2281 537 2344 responsum
567 2260 686 2346 papale
722 2261 842 2326 faciem
879 2263 973 2348 quasi
1007 2261 1263 2347 dispensationis
1298 2281 1438 2346 praese

342 2359 435 2440 ferat,
474 2380 551 2440 ,non
585 2368 697 2422 tamen
729 2360 861 2424 inducit
891 2382 1015 2424 novum
1041 2361 1108 2445 jus,
1147 2361 1226 2446 quia
1249 2360 1344 2444 Papa
1369 2379 1436 2420 non

343 2455 425 2520 dicit
449 2457 676 2541 confirmamus,
701 2459 758 2522 sed
784 2458 952 2523 toleramus
978 2511 984 2524 .
1011 2507 1018 2524 .
1045 2456 1157 2538 Quare
1181 2478 1258 2542 ergo
1283 2456 1369 2520 dixit
1389 2464 1436 2520 to-

342 2553 510 2618 leramus?
558 2554 674 2638 Credo,
699 2566 736 2619 ut
760 2579 801 2620 ex
825 2566 892 2622 toto
918 2579 984 2622 non
1010 2556 1180 2620 videretur
1210 2555 1347 2619 laudare
1371 2553 1445 2618 hoc*

342 2652 485 2736 factum3
510 2676 552 2717 ne
576 2666 798 2720 assumeretur
821 2658 855 2720 in
880 2654 1080 2740 exemplum,
1107 2654 1198 2736 dicit,
1224 2677 1258 2718 se
1281 2652 1437 2734 tolerare3

343 2751 447 2816 multa
460 2754 548 2816 enim
565 2761 643 2816 sunt
657 2753 838 2836 toleranda,
863 2775 929 2819 nou
944 2753 1124 2835 laudanda,
1149 2762 1283 2839 propter
1300 2750 1437 2836 malum,

344 2851 432 2936 quod
456 2861 566 2937 posset
588 2851 775 2934 subesseffl).

389 3027 426 3093 O.
452 3028 506 3093 Ad
530 3029 736 3095 conditorem
760 3033 791 3096 3.
818 3030 859 3094 de
874 3053 905 3096 v.
923 3055 948 3096 s.
973 3030 1111 3095 Extrav.
1137 3030 1259 3094 Joann.
1278 3029 1390 3096 XXII.

432 3190 484 3255 37.
510 3191 563 3252 Ex
587 3191 809 3256 decretalibus
833 3189 1133 3275 extravagantibus
1162 3192 1241 3255 satis
1265 3190 1365 3253 fuerit
1389 3190 1438 3254 in·

343 3287 470 3350 dicasse
509 3285 545 3353 O.
570 3287 624 3374 Ad
661 3288 865 3353 conditorem
889 3291 920 3354 3.
946 3289 986 3352 de
1011 3286 1140 3352 verbor.
1173 3290 1256 3372 sign.
1287 3288 1367 3373 jcta.
1391 3289 1436 3371 gl.

344 3385 496 3467 (Extrav.
521 3386 641 3450 Joann.
665 3386 779 3464 XXII,
804 3389 853 3453 tit.
878 3387 924 3469 4),
959 3386 1017 3451 ubi
1050 3385 1091 3450 ad
1117 3386 1257 3450 eandem
1291 3396 1437 3450 mentem

343 3485 555 3569 antiquorum
572 3507 736 3548 canonum
749 3485 908 3549 ecelesiae
925 3486 1085 3576 patientia
1102 3483 1224 3548 dicitur
1236 3484 1440 3571 ,frequenter

343 3582 483 3646 tolerare
508 3582 620 3663 multa,
652 3605 736 3668 quae
770 3585 804 3647 in
824 3583 992 3670 judicium
1018 3582 1161 3647 deducta
1193 3583 1329 3647 minime
1359 3583 1438 3646 tole-

344 3684 451 3763 raret‘,
476 3680 633 3744 indicatis
657 3683 756 3746 etiam
782 3681 912 3746 duobus
937 3680 1103 3766 capitibus
1128 3703 1170 3743 ex
1189 3681 1265 3767 jure
1289 3703 1438 3764 romano,

344 3779 466 3864 quibus
490 3801 569 3842 vera
593 3778 787 3844 tolerantiae
812 3782 903 3844 notio
927 3778 1115 3843 illustretur.

432 3940 486 4005 38.
513 3937 687 4004 Coronidis
711 3943 815 4004 instar
839 3939 984 4004 solemne
998 3939 1189 4025 exemplum
1201 3941 1367 4024 genuinae
1392 3949 1439 4003 to·

343 4037 504 4100 lerantiao
528 4040 711 4122 accipiatur
739 4062 780 4102 ex
805 4038 998 4103 admissione
1021 4039 1229 4121 ludaeorum,
1261 4040 1328 4124 qui,
1360 4037 1440 4102 licet

344 4137 379 4198 in
403 4134 576 4219 republica
600 4136 759 4200 saeculari
780 4137 851 4223 jam
877 4159 973 4201 usum
993 4137 1121 4222 jurium
1146 4138 1384 4217 communium,
1401 4149 1440 4201 ut
1476 4181 1478 4186 -

344 4462 361 4516 h
437 4387 456 4453 ¹)
476 4385 520 4515 iga
538 4384 575 4452 gl,
595 4383 817 4449 adh,l,r.llx
832 4384 962 4452 jussione.
1040 4369 1448 4455 ³)ItaPanormitanad'

364 4479 466 4528 .c.,u.
505 4507 510 4518 .

861 4570 916 4641 ‹24›
