3218 5446
725 573 747 632 1.
767 573 808 628 De
825 579 925 628 nature
943 572 1114 628 tolerantiae.

374 777 438 842 qne
476 777 717 842 nonnunquam
752 763 801 818 eet
832 753 960 840 aliquid
995 752 1176 830 severitati,
1216 760 1253 816 ut
1285 749 1468 833 maioribus

374 853 470 920 malis
493 854 652 920 sanandis
681 856 810 919 sincera
841 853 964 916 caritas
987 851 1220 932 subveniat‘¹);
1256 847 1467 933 ,humilitatis

374 955 521 1040 proiecto
546 962 578 1017 et
600 953 749 1020 lenitatis
774 950 900 1016 oblivio
932 960 990 1033 est,
1022 950 1149 1036 siquis
1174 969 1326 1035 esposse
1358 947 1467 1012 facere

374 1051 498 1135 credat,
523 1050 611 1138 quod
636 1073 698 1116 neo
722 1049 890 1136 Apostolis
921 1049 1085 1114 concessit
1118 1049 1293 1132 Dominus,
1324 1055 1361 1110 ut
1384 1047 1466 1110 aiae·

374 1151 465 1215 niam
489 1172 509 1214 a
531 1150 697 1214 frumento
720 1157 814 1234 putet
836 1170 871 1212 ee
894 1169 990 1233 posse
1015 1147 1250 1228 discernereffl).

463 1248 625 1312 Homines
657 1249 781 1334 quippe
813 1246 903 1310 haud
939 1267 1013 1310 raro
1046 1255 1114 1310 tam
1145 1248 1267 1310 acriter
1296 1246 1332 1309 in
1363 1241 1466 1308 malos

375 1367 480 1410 mores
513 1346 752 1411 consuetudine
785 1345 932 1410 firmatos
967 1346 1196 1431 propendunt,
1231 1354 1267 1409 ut
1291 1342 1346 1407 vel
1377 1340 1465 1406 nullo

374 1443 537 1509 modovel
561 1446 693 1509 nonnisi
717 1443 914 1509 difficillime
937 1443 980 1508 ab
1005 1445 1052 1508 aie
1076 1445 1203 1530 possint
1215 1442 1345 1508 deduci.
1370 1441 1466 1506 Tunc

374 1541 461 1608 salue
484 1543 699 1629 reipublicae,
725 1565 810 1630 quae
834 1563 965 1606 summa
994 1540 1051 1606 lex
1076 1551 1134 1625 est,
1160 1542 1294 1608 omnino
1312 1537 1465 1627 postulat,

374 1651 410 1706 ut
433 1643 587 1728 princeps
610 1642 734 1724 ,media
758 1640 861 1704 veluti
885 1649 988 1704 strata
1011 1641 1098 1705 inter
1120 1641 1264 1724 rigorem
1288 1648 1321 1703 et
1336 1638 1465 1724 diepen-

373 1741 544 1818 sationem,
581 1742 668 1805 inter
686 1740 774 1826 juris
797 1736 1013 1802 subtilitatem
1049 1747 1082 1802 et
1116 1738 1356 1803 relaxationem
1380 1737 1465 1800 ince-

374 1839 535 1922 dendo‘i),
561 1859 701 1924 pravam
724 1836 999 1902 consuetudinem
1026 1838 1192 1922 patienter
1214 1836 1340 1918 toleret,
1364 1856 1465 1922 quan·

372 1938 497 2002 tumvie
511 1960 584 2002 eam
608 1937 787 2001 detestetur
810 1944 911 2021 atque
935 1934 1105 1998 eradicare
1130 1933 1251 2001 mallet.

464 2036 513 2101 15.
537 2034 711 2121 Ejusmodi
735 2032 930 2098 tolerantiae
955 2031 1081 2096 illustre
1106 2033 1297 2120 exemplum
1312 2034 1346 2098 in
1358 2033 1465 2119 jure⁴)

372 2142 508 2220 prostat,
533 2155 575 2197 ex
599 2155 623 2199 s.
640 2130 800 2218 Gregorio
814 2131 858 2196 M.
883 2130 1104 2216 desumptum,
1130 2133 1220 2196 eirca
1244 2131 1386 2197 abusum
1410 2135 1467 2218 τῆς

372 2225 595 2315 ἀποκρεωσίας
633 2232 705 2295 sive
746 2230 1024 2294 comessationum
1066 2238 1099 2294 et
1138 2231 1347 2314 ebrietatum,
1379 2252 1465 2318 quae

372 2329 552 2395 Dominiea
575 2329 787 2415 carnisprivii
811 2329 945 2392 evenire
969 2326 1169 2412 solebant‘l).
1204 2331 1269 2411 ,De
1293 2331 1365 2418 ipsa
1396 2333 1463 2394 Do-

373 2429 506 2509 minica,
529 2428 637 2513 inquit
661 2425 826 2508 Pontifex,
847 2426 1088 2511 haesitamus⁶),
1114 2430 1275 2516 quidnam
1300 2428 1461 2511 dicamus,

371 2548 474 2612 quum
498 2547 613 2591 omnes
634 2523 712 2590 laici
744 2534 776 2588 et
807 2523 992 2589 saeculares
1015 2525 1072 2590 illa
1096 2527 1150 2591 die
1175 2527 1249 2614 plus
1273 2527 1367 2593 solito
1394 2550 1464 2592 cae-

371 2625 448 2688 teris
473 2623 591 2688 diebus
615 2625 804 2688 accuratius
828 2621 920 2687 eibos
944 2626 1094 2689 earnium
1123 2635 1296 2712 appetant,
1335 2635 1369 2690 et
1401 2626 1463 2690 nisi

370 2744 458 2787 nova
483 2722 626 2809 quadam
643 2723 804 2788 aviditate
830 2744 934 2808 usque
957 2723 1000 2787 ad
1025 2724 1152 2789 medias
1173 2734 1286 2790 noctes
1306 2748 1340 2790 ee
1354 2727 1464 2810 ingur-

369 2822 485 2906 gitent,
510 2843 577 2886 non
592 2822 688 2886 aliter
704 2844 738 2886 se
761 2820 860 2907 hujus
879 2823 963 2885 sacri
980 2825 1137 2906 temporis
1153 2822 1464 2910 (Quadragesimae)

371 2919 637 2985 observationem
655 2921 822 3006 suscipere
835 2928 967 3006 putant:
992 2921 1080 3006 quod
1106 2923 1219 3008 utique
1244 2944 1309 2987 non
1333 2923 1464 3006 rationi,

369 3018 427 3082 sed
442 3018 619 3105 voluptati,
644 3020 709 3083 imo
726 3018 859 3083 cuidam
878 3019 996 3082 mentis
1020 3021 1173 3084 caecitati
1206 3020 1464 3086 adscribendum

370 3126 432 3200 ast3
464 3117 553 3181 unde
590 3139 651 3182 nec
682 3140 702 3181 a
726 3117 784 3181 tali
816 3117 1057 3182 consuetudine
1095 3120 1200 3184 averti
1232 3128 1380 3205 possunt,
1421 3121 1466 3186 Et

369 3214 443 3280 ideo
468 3237 544 3279 cum
570 3216 698 3298 venia‘i)
730 3237 789 3280 suo
819 3216 952 3300 ingenio
975 3215 1185 3303 relinquendi
1209 3227 1295 3300 eunt,
1319 3241 1358 3283 ee
1373 3219 1465 3306 forte

366 3318 490 3404 pejores
513 3314 693 3400 arietans),
735 3310 768 3378 ai
791 3337 813 3377 e
837 3311 897 3378 tali
917 3315 1138 3379 consuetudine
1159 3315 1395 3402 prohibeantur.
1420 3319 1466 3384 Ut

369 3413 458 3476 enim
474 3415 521 3477 ait
531 3411 686 3477 Salomon
710 3412 967 3496 (Prov.30,33):
992 3414 1047 3498 qai
1069 3411 1199 3476 multam
1215 3418 1361 3503 emaapit,
1379 3415 1465 3482 elicit

368 3512 573 3596 scapeiaam‘.

371 3711 584 3719 ——-

459 3795 479 3865 1)
499 3797 528 3854 O.
541 3797 577 3852 Ut
586 3795 799 3850 constitueretur
809 3794 851 3862 25,
863 3793 926 3850 dist.
937 3796 979 3852 50.
1036 3794 1057 3866 ²)
1069 3795 1096 3852 0.
1109 3796 1232 3863 Quantus
1243 3798 1284 3863 14,
1305 3797 1333 3854 0.
1344 3799 1386 3866 23,
1398 3815 1422 3868 q.
1436 3801 1463 3856 4.

370 3878 391 3948 8)
411 3876 439 3933 0.
453 3877 490 3932 Ut
501 3878 713 3932 constitueretur
726 3875 770 3932 eit.
784 3875 851 3944 jeta.
864 3875 902 3945 gl.
960 3875 981 3945 ⁴)
994 3876 1021 3933 O.
1036 3877 1159 3945 Denique
1170 3879 1323 3934 sacerdotes
1335 3877 1352 3931 6
1365 3879 1428 3937 diet.
1436 3884 1462 3936 4.

368 3956 390 4027 ὅ)
408 3957 553 4012 Rationem
571 3958 706 4027 propriam
724 3957 824 4012 abinus
843 3961 888 4024 τῆς
906 3955 1091 4028 ἀποκρεωσίας
1115 3958 1279 4027 explicatam
1305 3960 1405 4016 videsis
1432 3962 1463 4017 in

367 4042 460 4092 nostro
478 4038 643 4094 Kalendario
661 4038 805 4105 utriusque
823 4037 959 4105 ecelesiae,
979 4043 1000 4096 t.
1011 4041 1035 4106 2,
1055 4055 1080 4107 p.
1095 4041 1138 4096 19.
1225 4041 1245 4108 ⁶)
1264 4043 1462 4107 ,Hoeae'tamae

368 4135 420 4173 non
440 4120 505 4187 quid
519 4119 590 4188 juris
608 4119 653 4186 eit,
676 4119 723 4174 sed
748 4119 812 4186 quid
837 4119 1013 4174 statuendum
1037 4121 1083 4188 sit,
1109 4136 1143 4175 ne
1162 4121 1319 4176 scandalum
1337 4123 1461 4182 oriatnr‘.

368 4204 413 4253 Ita
437 4200 474 4268 gl.
503 4200 537 4253 ad
564 4200 589 4258 h.
608 4199 625 4258 l.
719 4200 739 4270 ⁷)
757 4199 913 4269 ,Intelligas
941 4199 974 4255 de
1003 4201 1084 4255 venia
1111 4216 1220 4269 poenae,
1245 4218 1299 4257 non
1325 4204 1358 4257 de
1377 4205 1459 4259 venia

367 4279 468 4348 culpae.
505 4279 617 4335 Tolerat
635 4297 700 4350 ergo
720 4279 869 4350 Gregorius
887 4281 988 4335 crimen
1006 4281 1063 4336 tale
1081 4286 1192 4350 propter
1210 4283 1358 4350 perieulum
1377 4285 1460 4341 schis-

367 4359 449 4414 matis
467 4361 511 4416 vel
529 4362 657 4418 scandali.
680 4361 756 4416 Unde
775 4378 828 4416 non
848 4367 891 4416 eet
909 4362 1057 4429 dicendum,
1077 4364 1148 4431 quod
1160 4363 1319 4432 ignoscetur
1332 4367 1379 4440 eie,
1397 4367 1463 4422 lieet

367 4455 422 4494 non
439 4440 537 4509 puniat
560 4447 622 4499 eos‘.
654 4443 699 4496 lta
722 4443 760 4512 gl.
780 4443 857 4500 adh.
877 4443 894 4500 l.
987 4444 1008 4514 ⁸)
1026 4445 1111 4511 ,Haec
1129 4451 1171 4500 est
1194 4446 1380 4514 comparativa
1402 4463 1462 4516 per·

369 4519 468 4576 missio‘
488 4521 667 4591 (tolerantia).
687 4523 732 4576 Ita
750 4521 788 4591 gl.
809 4523 843 4576 ad
861 4522 887 4579 h.
901 4523 919 4579 l.

887 4629 944 4706 oo
