3218 5446
299 530 425 586 Licentia
443 547 503 585 cum
521 531 669 585 tolerantia
688 536 853 599 comparata,
872 546 918 586 nn.
938 531 1051 590 31-33.

130 713 250 794 tionis‘,
276 712 379 776 altera
396 712 532 776 licentia
548 711 837 796 dispensationis,
863 712 962 775 tertia
974 709 1109 774 licentia
1126 731 1225 787 ,com-

130 814 301 896 parativae
327 812 572 895 permissionis‘.

219 912 270 974 32.
296 909 449 974 Licentia
474 908 745 994 ,approbationis‘
771 910 805 972 id
822 907 918 972 nobis
933 906 1021 990 licet,
1046 907 1134 992 quod
1152 909 1223 991 ipso

124 1009 200 1093 jure
225 1007 412 1082 declaratur
436 1009 643 1093 permissum,
669 1016 705 1071 ut
729 1029 824 1073 ecee:
849 1007 985 1070 licentia
1001 1005 1150 1070 nubendi
1166 1005 1219 1088 ,ab

128 1105 287 1190 Apostolo
306 1105 520 1189 ,concessa‘¹).

216 1204 370 1268 Licentia
400 1204 683 1288 ‚dispensationis‘
715 1213 765 1268 est
795 1204 904 1285 venia,
939 1225 1004 1288 qua
1038 1202 1134 1274 nobis
1164 1225 1225 1288 per

128 1303 302 1388 providam
328 1311 360 1366 et
382 1305 562 1386 gratiosam
587 1301 668 1386 legis
696 1301 937 1366 relaxationem
961 1301 995 1365 id
1020 1299 1223 1385 indulgetur,

128 1401 218 1487 qnod
233 1401 355 1465 limites
367 1401 452 1486 juris
468 1400 611 1480 excedit,
635 1410 671 1463 ut
687 1401 933 1465 matrimonium
965 1401 999 1463 in
1023 1399 1129 1482 gradu
1153 1420 1224 1482 pro-

128 1499 281 1582 bibit02):
321 1521 386 1584 quo
418 1501 452 1564 in
486 1497 638 1583 exemplo
671 1498 773 1563 habes
804 1497 975 1563 licentiam
1009 1497 1080 1582 ejus
1113 1499 1223 1577 etiarn,

127 1599 216 1682 quod
248 1599 319 1662 sine
351 1599 568 1683 permissione
593 1596 755 1662 nullitatis
787 1598 869 1660 vitio
902 1595 1091 1660 laborasset.
1139 1594 1224 1659 Aliis

126 1698 162 1760 in
179 1695 312 1761 casibus
335 1695 504 1760 licentiam
519 1695 661 1780 legimus
684 1695 807 1760 factam
826 1695 897 1781 ejus
913 1696 960 1758 rei
976 1716 1072 1780 quae,
1097 1692 1223 1757 seclusa

127 1796 352 1877 concessione,
386 1792 509 1860 illicita·
538 1792 673 1880 quidem
708 1794 818 1875 fieret,
860 1792 961 1856 semel
1000 1802 1110 1855 autem
1134 1791 1223 1855 facta

124 1893 266 1973 ,viribus
281 1891 499 1956 subsisteret‘:
520 1892 706 1977 cujusmodi
724 1901 774 1956 est
788 1891 933 1972 licentia,
960 1893 1058 1954 certis
1071 1890 1132 1954 sub
1148 1911 1211 1953 eon

126 1990 320 2068 ditionibus,
342 1992 522 2055 simoniaco
549 1990 636 2073 data,
671 1999 707 2053 ut
741 1989 924 2053 sacerdotio
949 1989 1043 2072 fungi
1068 1987 1213 2073 pergatss)

214 2089 368 2153 Licentia
398 2090 658 2174 ,comparativae
689 2090 927 2174 permissionis‘
961 2087 1107 2168 tandem,
1142 2086 1221 2150 boni

125 2190 313 2252 communis
338 2210 447 2268 causa,
472 2186 643 2252 tolerando
674 2208 732 2251 seu
766 2209 832 2251 non
863 2185 1078 2271 impediendo
1103 2184 1222 2249 tribuit

124 2287 313 2352 libertatem
336 2289 567 2367 necessariam,
601 2308 639 2350 ea
659 2288 797 2371 impune
821 2283 978 2365 faciendi,
1003 2306 1099 2369 quae,
1125 2285 1159 2347 in
1184 2305 1219 2347 se

124 2386 283 2471 spectata,
307 2384 448 2470 legibus,
472 2384 654 2471 aliquando
687 2385 754 2447 imo
779 2393 812 2447 et
836 2383 1012 2463 honestati,
1042 2405 1109 2446 non
1143 2403 1219 2445 con·

124 2487 282 2548 veniunt:
312 2505 376 2569 quo
411 2505 510 2547 sensu
533 2505 611 2565 ,non
646 2504 754 2565 omne,
789 2482 877 2568 quod
909 2481 997 2562 licet,
1032 2479 1222 2544 honestum‘

123 2604 194 2646 esse
219 2583 342 2664 dicitur
365 2583 400 2646 in
420 2582 542 2668 jure4):
578 2602 681 2668 quum
706 2602 745 2644 ea
769 2603 910 2667 quoque,
936 2603 1022 2666 quae
1047 2582 1163 2643 virtuti
1189 2589 1221 2643 et

125 2680 288 2744 honestati
313 2689 536 2765 opponuntur,
562 2680 696 2765 majoris
720 2679 798 2743 mali
824 2678 955 2744 vitandi
981 2700 1091 2759 causa,
1125 2677 1221 2762 legis-

122 2778 208 2842 lator
231 2777 415 2842 identidem
439 2780 576 2863 impune
609 2778 680 2841 fieri
705 2780 917 2862 permittat).
964 2778 1009 2840 Et
1042 2777 1126 2840 baec
1162 2798 1222 2861 per

123 2876 329 2940 voluntatem
353 2877 550 2961 legislatoris
585 2876 707 2957 ,licero‘
739 2885 926 2957 censentur,
960 2875 1062 2940 verbo
1094 2874 1221 2938 scilicet

123 2976 278 3060 pressiori
296 2974 358 3039 boc
373 2997 470 3038 sensu
489 2997 547 3061 pro
564 2975 700 3038 lieentia
718 2976 966 3059 comparativae
992 2975 1220 3059 permissionis

124 3075 186 3136 rite
211 3083 359 3159 acceptu.
502 3061 505 3065 ⁵

197 3210 201 3214 =·
214 3173 266 3236 33.
293 3172 388 3252 Quae
412 3167 509 3236 tertia
533 3172 688 3236 licentiae
712 3173 839 3257 species
862 3172 905 3237 ad
920 3171 1131 3237 tolerantiam
1149 3193 1218 3256 per-

122 3271 217 3350 tinet,
241 3291 345 3355 quum
370 3271 528 3334 nimirum
552 3269 720 3355 legislator
744 3279 878 3356 propter
893 3273 1094 3354 gravissima
1108 3291 1219 3335 rerum

121 3367 338 3454 locorumque
362 3367 532 3453 adjuncta,
558 3367 637 3432 boni
662 3371 848 3432 communis
873 3392 983 3450 causa,
1009 3369 1136 3433 factum
1161 3368 1218 3432 ali-

123 3465 211 3551 quod
237 3468 348 3530 minus
373 3465 547 3531 honestum
579 3489 733 3553 expresse
758 3477 872 3531 contra
896 3467 1003 3552 legem
1027 3470 1219 3554 permittere

123 3565 261 3648 cogitur,
286 3562 363 3629 licet
385 3563 470 3628 forte
494 3563 551 3646 illi,
589 3567 645 3651 qui
670 3577 821 3630 auctores
855 3576 933 3631 sunt
962 3566 1051 3648 facti,
1086 3575 1218 3652 paratos

121 3684 156 3726 se
180 3661 359 3744 declarent,
380 3662 498 3747 ajuris
515 3663 695 3728 violatione
720 3663 900 3747 discedere,
918 3666 945 3728 si
959 3664 994 3728 id
1007 3665 1078 3728 fieri
1089 3663 1217 3749 jubeat.

121 3760 156 3825 Si
181 3761 270 3823 enim
294 3760 420 3824 factum
446 3762 480 3823 in
499 3761 667 3847 ¹ejusmodi
692 3763 860 3848 adjunctis
884 3763 1043 3842 evenerit,
1078 3772 1115 3825 ut
1147 3762 1218 3848 ejus

119 3982 226 4037 tatione
254 3982 295 4048 ,de
313 3980 442 4036 libertate
466 3981 625 4038 clericorum
648 3984 808 4054 religionem
832 3983 1013 4054 ingrediendi‘
1039 3999 1066 4038 n.
1085 3983 1121 4036 34
1147 3983 1218 4052 (Dis-

120 4069 210 4132 putat.
230 4063 305 4116 acad.
323 4063 360 4128 ΙΙ,
379 4079 423 4132 pp.
443 4062 572 4133 81-85).

214 4144 234 4213 ¹)
252 4142 282 4200 Ο.
302 4144 342 4197 De
360 4143 394 4197 iis
413 4147 439 4201 5.
458 4144 521 4201 dist.
541 4145 584 4199 28.
676 4145 698 4216 ²)
721 4144 749 4202 O.
770 4145 908 4212 Quaedam
926 4145 970 4199 lex
988 4145 1032 4202 20.
1053 4143 1081 4198 O.
1101 4143 1137 4200 35
1156 4146 1217 4211 q.2

120 4232 149 4279 ct
168 4225 193 4279 3.
286 4225 307 4292 8)
331 4223 360 4277 0.
380 4224 570 4278 Praesentium
588 4226 613 4282 3.
634 4225 683 4282 ult.
710 4225 783 4284 (1.1,
808 4242 833 4292 q.
853 4226 878 4282 5.
964 4225 985 4295 ⁴)
1011 4225 1041 4280 L.
1060 4225 1121 4278 Non
1139 4240 1217 4279 omne

121 4307 173 4362 144
188 4312 222 4360 ΙΙ,
243 4305 277 4357 da
291 4304 406 4359 diversis
426 4304 529 4372 regulis
551 4304 618 4374 juris
638 4305 693 4374 (lib.
713 4306 756 4371 50,
776 4305 819 4360 tit.
842 4305 894 4374 11).
988 4305 1008 4374 ⁶)
1028 4304 1099 4359 Hinc
1117 4305 1155 4373 gl.
1183 4306 1217 4358 ad

119 4387 175 4455 leg.
202 4387 254 4439 144
273 4384 319 4440 cit.
344 4385 480 4457 ,Licitum
499 4385 597 4454 inquit,
616 4377 670 4442 non
689 4385 817 4440 continuo
835 4386 986 4443 honestum.
1005 4386 1124 4440 Licitum
1136 4402 1216 4454 porro

118 4467 233 4531 dicitur,
258 4465 328 4532 quod
352 4482 400 4535 per
424 4466 499 4536 leges
518 4466 684 4535 permissum,
703 4466 773 4534 quod
791 4466 957 4535 impunitum
975 4470 1017 4520 est
1035 4465 1161 4536 legibus‘.

641 4571 699 4645 (21)
