3218 5446
756 551 808 610 111.
826 551 867 608 De
885 551 989 622 regulis
1007 551 1243 620 interpretationis
1261 549 1290 604 in

473 664 601 672 ——-——·-
614 665 809 673 -———---
817 665 891 672 ,ψ-

560 735 668 819 Atque
692 736 773 800 istae
796 744 874 800 sunt
896 735 1096 820 praecipuae
1120 730 1399 817 interpretationis
1414 728 1570 814 regulae,

472 851 556 916 quae
581 853 621 895 ex
646 835 847 919 praescripto
881 853 1049 897 sacrorum
1081 852 1247 896 canonum
1279 827 1477 894 tolerantiae
1520 827 1571 890 de·

473 939 561 994 creto
586 929 732 1016 legitime
757 930 957 1018 explicando
981 928 1227 996 accommodari
1252 927 1382 994 debent.

560 1108 687 1189 Quodsi
712 1132 789 1174 vero
814 1117 1001 1198 quaeratur,
1026 1131 1087 1173 cur
1102 1107 1205 1174 Sedes
1219 1104 1410 1192 Apostolica
1426 1104 1570 1190 regulas

471 1205 565 1271 solito
589 1206 699 1293 plures
722 1231 762 1272 ac
786 1207 940 1274 clariores
972 1207 1015 1272 ad
1045 1207 1228 1292 genuinum
1262 1203 1424 1291 ejusmodi
1457 1203 1571 1268 odiosi

472 1304 594 1369 decreti
628 1327 760 1371 sensum
791 1308 854 1371 rite
887 1304 1204 1393 deprehendendum
1238 1304 1273 1370 in
1306 1324 1442 1390 corpore
1477 1303 1572 1390 juris

471 1406 622 1468 canonici
645 1407 866 1490 proposueritr
891 1405 925 1470 id
950 1403 1028 1470 inde
1044 1405 1174 1469 venisse
1190 1402 1375 1489 putandum
1391 1409 1451 1486 est,
1470 1401 1568 1487 quod

470 1504 504 1566 in
536 1505 627 1568 omni
658 1501 835 1590 disciplina
866 1504 1029 1568 canonica
1059 1503 1118 1566 vix
1151 1501 1217 1566 alia
1248 1501 1387 1566 materia
1419 1502 1568 1586 reperiri

470 1603 582 1686 possit,
607 1623 691 1686 quae
715 1602 797 1667 adeo
822 1602 920 1688 plena
943 1600 1090 1688 periculo
1115 1599 1373 1686 perturbationis
1388 1600 1442 1682 sit,
1461 1621 1569 1684 quam

470 1701 643 1764 extensive
668 1699 772 1764 odiosi
787 1699 911 1764 decreti
926 1699 1183 1786 interpretatio¹)
1206 1697 1350 1786 indeque
1367 1697 1478 1762 fluens
1495 1721 1568 1778 ,ex-

470 1801 591 1862 cessus‘
616 1800 805 1863 canonicus.

560 1895 610 1961 70.
622 1895 666 1959 Et
677 1896 712 1960 id
724 1895 858 1980 quidem
870 1895 972 1962 Sedes
983 1895 1174 1984 Apostolica
1185 1918 1250 1962 non
1264 1895 1403 1960 obscure
1413 1893 1566 1980 adsigni-

469 1991 592 2076 iicavit,
617 1993 696 2058 dum
728 1993 914 2058 doctrinam
952 1994 993 2059 de
1026 1997 1206 2081 praecipua
1231 1994 1437 2060 decretorum
1473 1995 1567 2060 odio·

469 2112 579 2156 sorum
603 2091 707 2156 classe
731 2114 796 2156 non
820 2092 916 2157 aliter
951 2096 986 2160 in
1019 2116 1155 2181 corpore
1180 2095 1267 2180 juris
1300 2095 1384 2160 sacri
1416 2098 1566 2180 proponi

468 2191 667 2276 tractarique
691 2192 814 2274 siverit,
848 2213 947 2278 quam
971 2201 1010 2257 ut
1033 2193 1131 2258 simul
1156 2192 1196 2258 de
1225 2192 1371 2257 remedio
1395 2194 1564 2277 pernicio-

468 2309 578 2352 sorum
624 2311 836 2372 excessuum,
874 2313 934 2376 per
967 2290 1109 2356 abusum
1143 2290 1351 2357 decretorum
1394 2294 1564 2356 committi

468 2385 646 2470 solitorum,
671 2399 766 2452 caute
790 2389 987 2474 provideret,
1013 2391 1083 2475 ipso
1108 2399 1201 2455 textu
1223 2389 1456 2476 respondentis
1471 2391 1561 2454 tituli

468 2484 518 2568 (V,
544 2485 598 2570 33)
622 2485 743 2552 talibus
768 2487 879 2552 verbis
902 2497 1078 2574 concepto:

575 2683 639 2766 ,De
663 2682 846 2769 privilegiis
870 2695 902 2748 et
925 2685 1116 2751 excessibus
1140 2683 1448 2772 privilegiatorum‘.

555 2841 649 2923 Quae
673 2843 796 2909 ibidem
823 2866 865 2908 ex
889 2856 999 2911 mente
1023 2846 1289 2911 authenticarum
1313 2848 1558 2933 interpretatio·

463 2941 514 3004 nis
538 2941 725 3025 regularum
750 2944 905 3029 prudenti
930 2967 1005 3010 cum
1031 2946 1328 3030 circumspectione
1351 2944 1558 3011 adhibentur

463 3040 630 3104 cautiones
663 3051 777 3106 contra
815 3046 992 3123 ,excessus‘
1022 3067 1081 3130 per
1113 3044 1362 3130 privilegiorum
1398 3043 1555 3130 abusum,

461 3135 494 3202 h.
520 3159 560 3217 e.,
583 3161 653 3224 ,per
678 3144 905 3206 extensionem
929 3142 1014 3207 ultra
1039 3142 1314 3226 finesstatutos‘2)
1339 3141 1554 3227 ‚frequenter‘

461 3238 698 3320 commissoe³):
725 3262 763 3303 aa
787 3242 887 3304 etiam
910 3240 1024 3305 valent
1048 3241 1089 3305 de
1113 3241 1287 3304 extensive
1319 3239 1441 3304 decreti
1475 3240 1552 3304 tole-

459 3336 585 3400 rantiae
610 3337 890 3423 interpretatione,
915 3361 975 3424 per
997 3361 1097 3425 quam
1121 3339 1267 3422 licentia,
1293 3338 1425 3404 decreto
1449 3338 1551 3419 facta,

459 3433 513 3514 ,ad
538 3438 808 3521 consequentiam
833 3435 1038 3504 traheretur‘.

547 3603 567 3673 ¹)
597 3605 638 3657 Ad
656 3604 727 3658 huuc
745 3602 832 3658 locum
850 3603 958 3660 utiliter
975 3603 1136 3673 rotarentur,
1165 3622 1234 3674 qnae
1258 3605 1291 3662 de
1314 3605 1405 3661 eodem
1427 3603 1549 3660 decreto-

456 3697 515 3735 rum
537 3697 637 3751 genere
662 3684 785 3752 disputat
808 3687 841 3742 A.
860 3685 1006 3751 Tanner,
1033 3687 1124 3740 Theoi.
1150 3687 1233 3743 schol.
1261 3691 1280 3743 t.
1301 3688 1325 3752 3,
1344 3686 1412 3753 disp.
1434 3687 1456 3743 l.
1477 3701 1500 3752 q.
1524 3689 1548 3743 9.

457 3760 480 3832 ²)
499 3761 557 3816 Hoc
576 3763 658 3818 titulo
677 3765 746 3819 mira
774 3765 951 3820 formularum
967 3766 1105 3821 varietate
1132 3773 1285 3833 ,excessum‘
1314 3766 1481 3820 committere
1509 3766 1549 3820 di-

455 3851 553 3897 cuntur
571 3844 767 3914 previlegiarii,
795 3852 827 3900 ut
855 3860 922 3912 ecce,
951 3862 1032 3914 quum
1050 3847 1206 3917 ‚privilegia
1228 3863 1278 3901 sua
1305 3847 1454 3902 excedendo
1483 3847 1548 3912 quid

453 3927 547 3977 contra
565 3923 608 3992 Jus
627 3941 765 3981 commuue
784 3928 969 3994 praesumunt‘
989 3927 1020 3996 (c.
1034 3929 1076 3997 3);
1096 3943 1178 3994 quum
1196 3927 1410 3998 ‚privilegiorum
1423 3925 1546 3980 tineaen-

453 4003 560 4058 oedunt‘
580 4003 614 4075 (c.
634 4007 697 4072 20);
726 4023 808 4074 quum
828 4006 1042 4075 ,privilegiorum
1067 4013 1154 4062 metae
1180 4007 1431 4076 transgrediuntur
1450 4007 1482 4074 (o.
1501 4009 1547 4076 7);

452 4097 533 4148 quum
552 4085 767 4154 ,privilegiorum
784 4087 892 4157 [limites
911 4087 1052 4142 exceduut‘
1071 4089 1103 4155 (c.
1124 4089 1138 4141 1
1158 4089 1188 4143 in
1206 4089 1250 4158 6);
1269 4103 1352 4156 quum
1371 4090 1473 4159 ,contra
1490 4088 1545 4154 pri-

451 4163 612 4232 vilegiorum
631 4171 752 4221 tenorem
770 4168 863 4222 venire
881 4173 1064 4235 praesumunt
1084 4169 1116 4236 (c.
1132 4170 1168 4238 3).
1242 4169 1263 4238 ³)
1284 4167 1419 4234 Quomodo
1433 4167 1545 4222 ecclesia

451 4243 597 4300 identidem
616 4262 645 4300 se
664 4253 784 4301 coactam
797 4247 906 4312 viderit,
925 4264 977 4318 eos,
999 4249 1045 4316 qui
1061 4248 1161 4302 limites
1180 4248 1271 4302 iactae
1289 4248 1341 4302 sibi
1360 4247 1544 4316 permissionis

411 4323 414 4332 “
451 4324 616 4393 ,frequenter
643 4328 818 4382 excedebant‘
846 4343 990 4396 eorumque
1017 4329 1157 4398 complices
1182 4334 1265 4396 ,metu
1288 4327 1399 4396 poenae‘
1424 4326 1465 4400 (Ο.
1484 4327 1544 4383 Hac

449 4407 652 4462 constitutione.
672 4408 704 4462 de
718 4407 786 4464 offic.
800 4413 828 4462 ct
846 4413 902 4476 pot.
922 4409 980 4464 del.¹
992 4408 1021 4462 iu
1039 4410 1084 4478 6.),
1104 4409 1249 4478 insigniori
1265 4409 1387 4475 exemplo
1406 4407 1543 4476 proposito

448 4487 541 4540 multis
561 4487 704 4554 exequitur
722 4488 888 4557 Phillips,
910 4490 1117 4547 Kirchearecht.
1137 4495 1157 4548 t.
1168 4489 1192 4554 6,
1206 4489 1285 4552 §346
1304 4491 1358 4557 (pp.
1379 4488 1540 4560 iar-soe),

965 4597 1020 4666 (50)
