3218 5446
364 524 485 592 exemplo
503 524 655 578 amaricano
673 523 828 590 illustratis,
846 540 893 581 nn.
914 526 1029 579 57-59.

151 707 279 770 ratione
302 705 374 790 ejus
398 707 552 787 nominis,
577 706 696 769 facturi
723 706 1044 790 praevidebantur1).
1084 707 1124 768 In
1153 714 1242 768 ante·

152 826 279 868 cessum
306 805 429 890 quippe
453 802 577 870 Illmus.
603 803 734 890 praesul
751 804 792 868 de
809 805 949 870 ecclesia
966 806 1089 890 optime
1107 805 1243 867 meritus

152 911 221 966 erat
258 903 483 966 vindicandus
499 926 518 966 a
535 901 824 967 criminationibus
849 905 1060 967 inimicorum
1094 903 1242 965 veritatis

152 1001 344 1082 catholicae,
379 1001 420 1065 de
461 1001 559 1064 rebus
583 999 626 1064 ab
651 1022 689 1064 eo
714 1001 882 1086 praeclare
919 1002 1020 1086 gestis
1067 1002 1242 1083 insignitor

151 1100 359 1165 detracturis.
406 1099 550 1164 Obtento
573 1098 767 1163 tolerantiae
801 1097 934 1162 decreto
964 1098 1077 1164 Rmus.
1108 1097 1241 1162 [reland

151 1220 267 1263 revera
287 1199 354 1262 voti
382 1219 516 1282 compos
531 1198 638 1261 iactus
651 1205 708 1278 est,
734 1205 833 1283 atque
850 1197 892 1262 ab
911 1199 1055 1262 inimicis
1071 1197 1240 1282 ecclesiae,

150 1296 222 1382 ejus
240 1295 396 1360 laudibus
420 1296 665 1379 obtrectaturis,
688 1294 849 1360 liberatus
870 1296 1022 1381 existir).

239 1394 305 1459 Sed
329 1405 361 1458 et
384 1394 480 1475 ,aliae
503 1396 647 1458 rationes
670 1393 754 1457 sorte
779 1416 878 1481 super
902 1394 964 1458 boc
987 1394 1082 1458 reddi
1097 1403 1241 1481 possent,

150 1516 232 1580 quas
256 1517 315 1580 per
337 1495 491 1580 teipsum,
516 1504 551 1556 tu
576 1492 731 1574 studiose,
757 1492 954 1556 adinvenire
978 1493 1132 1558 curabis‘.

238 1656 292 1720 58.
317 1657 366 1718 De
390 1655 650 1740 interpretatione
674 1653 801 1719 decreti.
850 1652 916 1732 Qui
949 1676 1068 1738 magno
1102 1676 1239 1718 numero

150 1754 319 1818 decretum
338 1753 409 1838 jam
435 1753 647 1816 commentati
672 1761 750 1816 sunt
773 1750 934 1833 doctores,
960 1754 995 1816 in
1021 1753 1114 1816 varia
1135 1775 1241 1839 eaque

150 1853 283 1917 diversa
306 1850 470 1916 abierunt.

239 1951 292 2014 Ex
316 1951 523 2034 ignoratione
547 1948 799 2031 significationis
824 1949 1040 2012 terminorum
1073 1957 1173 2034 atque
1198 1971 1240 2013 ex

149 2049 257 2114 studio
283 2051 427 2134 partium
450 2048 576 2111 factum
609 2068 678 2110 esse
712 2045 855 2127 videtur,
889 2055 926 2109 ut
958 2049 995 2114 in
1018 2046 1239 2132 explicatione

150 2147 262 2212 danda
285 2147 340 2211 alii
359 2155 535 2234 peccarent
552 2168 615 2232 per
631 2166 800 2226 accessam,
825 2145 1034 2210 tolerantiam
1053 2169 1110 2230 pro
1124 2168 1239 2232 appro-

150 2245 283 2310 batione
307 2269 346 2309 ac
371 2244 658 2310 commendatione
683 2243 888 2324 sumendo³)3
913 2244 969 2308 alii
986 2254 1100 2308 contra
1111 2269 1173 2330 per
1189 2245 1240 2308 de·

145 2344 272 2427 fectum,
306 2345 340 2407 in
376 2343 466 2406 nuda
501 2341 675 2406 tolerantia
699 2340 977 2425 improbationem
1011 2352 1045 2407 et
1075 2345 1240 2428 vitupera-

148 2444 273 2506 tionem
297 2439 549 2526 agnoscend04).

238 2542 291 2605 Ex
315 2540 552 2625 interpretibus
578 2538 750 2623 bucusque
773 2539 871 2622 pauci
904 2550 1008 2621 erant,
1040 2541 1096 2626 qui
1122 2560 1164 2602 ex
1187 2562 1240 2624 ge·

148 2641 261 2703 nuinis
280 2638 366 2724 juris
390 2640 574 2722 principiis,
599 2634 742 2700 naturali
762 2635 998 2724 juridicaeque
1023 2638 1118 2703 verbi
1143 2639 1241 2721 signi-

149 2739 295 2801 ficationi
313 2736 515 2801 inhaerendo
532 2758 572 2800 ac
588 2757 680 2818 ,vera
695 2732 795 2798 rebus
811 2735 1240 2819 vocabularestituendo‘⁵)‚

149 2835 346 2900 decretalem
371 2833 458 2898 hanc
482 2835 690 2898 tolerantiam
714 2831 757 2895 ad
782 2854 926 2898 canones
960 2839 1132 2920 exigerent
1156 2856 1240 2898 eam-

148 2936 271 3019 quein
295 2935 451 3017 negativo
475 2933 529 2997 illo
554 2944 640 3014 actu,
667 2940 806 2996 sonante
823 2933 857 2995 in
875 2936 944 3018 pati
971 2935 1179 3010 collocarent,
1205 2935 1239 2996 in

148 3053 213 3117 quo
238 3031 309 3116 ejus
334 3039 486 3095 naturam
511 3024 696 3095 consistere
716 3050 817 3113 supra
842 3031 1025 3101 docuimus.

236 3129 290 3195 59.
315 3129 417 3194 Juxta
442 3139 530 3194 certa
553 3140 665 3194 autem
689 3128 773 3192 haec
793 3132 880 3216 juris
911 3135 1077 3219 principia
1102 3131 1238 3196 toleran-

146 3229 213 3292 tiae
237 3226 406 3291 decretum
431 3251 488 3292 seu
505 3229 733 3314 comparativa
748 3233 921 3317 permissio
947 3253 1014 3295 non
1031 3240 1080 3295 est
1095 3231 1240 3316 positiva

239 3407 259 3477 ¹)
278 3404 385 3460 Videris
412 3405 485 3460 inter
512 3405 567 3459 alia
591 3405 686 3462 folium
717 3409 897 3465 acatholicum
929 3408 1088 3475 ,Deutscher
1112 3407 1239 3472 Methur‘,

149 3485 190 3543 10.
210 3487 283 3554 Sept.
304 3487 382 3542 1892.
456 3485 477 3546 ”l
497 3486 538 3538 Ea
562 3501 595 3540 ex
620 3493 699 3555 parte
717 3489 785 3544 bono
803 3491 895 3546 sensui
915 3488 1066 3557 recipiendo
1085 3488 1183 3542 idonea
1198 3491 1240 3541 est

146 3567 244 3633 petitio
263 3567 334 3623 Rmi.
353 3566 484 3621 oratoria:
503 3566 601 3635 ,Progo
611 3567 638 3621 di
650 3569 787 3625 liberarmi
802 3585 856 3624 una
866 3571 943 3624 volta
951 3586 1000 3639 per
1007 3585 1110 3637 sempre
1119 3569 1165 3622 dai
1176 3567 1241 3622 miei

146 3646 260 3704 nemici‘.
344 3645 366 3718 ⁶)
394 3648 428 3702 In
445 3647 488 3700 his
507 3647 608 3701 eminet
626 3649 742 3718 scriptor
763 3650 940 3718 ephemeridis
959 3651 1128 3705 amaricanae
1146 3647 1239 3715 ,Batti-

146 3741 219 3781 more
243 3724 315 3791 Sun‘,
344 3727 391 3795 qui
416 3727 482 3781 adeo
510 3743 615 3781 omnem
640 3730 746 3784 modum
771 3731 912 3800 legitimae
935 3729 1172 3804 interpretationis
1195 3743 1240 3782 ex-

146 3805 235 3872 cessit,
259 3810 292 3859 ut
316 3807 433 3862 scrihere
456 3825 510 3862 non
529 3807 675 3876 dubitaret,
695 3809 837 3865 formulam
855 3812 976 3877 ,tolerari
994 3816 1093 3879 potest‘
1116 3811 1145 3864 in
1165 3823 1239 3876 prae·

145 3886 218 3940 senti
236 3886 344 3941 decreto
362 3889 506 3954 ,canonice‘
525 3888 595 3942 sumi
618 3907 667 3958 pro
686 3891 773 3960 ,pleno
801 3893 948 3960 permissu‘,
967 3909 1014 3960 pro
1033 3892 1122 3960 ,plena
1139 3895 1168 3945 et
1186 3889 1239 3942 tor·

146 3964 211 4019 mali
230 3967 431 4034 approbatione‘
462 3969 497 4036 (d.
518 3970 560 4024 ll.
579 3969 646 4038 Maji
668 3971 754 4041 1892).
799 3971 884 4039 Quam
903 3972 1157 4040 interpretationem
1176 3984 1239 4024 vere

146 4045 344 4101 intolerabilem
362 4048 396 4102 ab
415 4047 563 4102 innumeris
591 4049 653 4104 aliis
680 4052 893 4119 ephemeridibus
922 4052 1006 4107 faisse
1025 4067 1103 4106 caeca
1121 4053 1173 4106 fide
1192 4068 1238 4107 ex·

145 4125 282 4191 scriptam,
301 4126 369 4179 satis
387 4135 488 4183 norunt
507 4128 607 4184 eruditi
632 4146 731 4187 omnes.
805 4132 826 4201 ⁴)
845 4132 913 4186 Eam
923 4132 1178 4201 interpretationem
1196 4133 1237 4186 vel

145 4205 174 4258 in
187 4204 246 4272 ipsa
264 4204 330 4259 urbe
340 4206 433 4274 Roma,
452 4223 486 4262 ox
499 4207 574 4263 tonte
586 4209 739 4277 parisiensi,
754 4216 875 4265 testatur
892 4212 939 4278 ,Le
949 4213 1085 4268 moniteur
1096 4214 1130 4266 de
1137 4214 1237 4277 Rome‘,

145 4283 378 4341 animadversione
388 4287 540 4355 facta-non
553 4289 678 4348 detrusae.
702 4291 748 4357 qui
766 4291 796 4346 in
809 4293 916 4346 decreto
935 4293 1066 4359 viderent,
1087 4309 1147 4359 ,une
1166 4297 1239 4346 sorte

146 4364 179 4419 de
196 4365 429 4423 condescendance
447 4369 507 4438 plus
530 4370 634 4424 voisine
662 4371 699 4424 du
719 4371 804 4425 blame
823 4387 875 4439 que
902 4373 935 4426 de
966 4372 1171 4442 l’approbation‘
1202 4373 1237 4442 (d.

146 4446 188 4502 11.
214 4445 291 4501 Junii
312 4447 401 4520 1892).
476 4449 498 4518 ⁵)
520 4449 583 4503 Pius
607 4450 659 4504 ΡΡ.
681 4451 727 4508 ΙΧ.
747 4451 775 4505 in
794 4452 878 4508 Alloc.
898 4454 922 4508 d.
944 4454 985 4510 18.
1002 4454 1096 4528 Martii
1116 4455 1191 4512 1861.

661 4557 718 4629 (43)
