3218 5446
364 600 398 640 ex
416 583 536 640 fontibus
551 585 623 657 juris
640 584 793 652 illustratis,
812 601 858 641 nn.
878 583 993 641 17-10,

133 764 265 846 negotio
289 764 464 850 nequead
488 774 613 829 certam
637 764 783 862 aliquam
808 766 1077 847 controversiam,
1102 764 1144 829 de
1161 787 1226 851 qua

133 860 376 926 consultust
327 871 385 945 est,
410 862 593 938 finiendam
634 855 831 949 respondet,
868 863 926 927 sed
955 863 1064 927 edicto
1092 884 1226 947 genera-

131 957 207 1023 liter
229 963 396 1046 proposito
422 963 516 1047 quasi
541 983 664 1026 novam
689 961 833 1047 aliquam
859 960 966 1046 legem
998 963 1114 1034 sancit
1141 984 1227 1048 quaa

132 1056 176 1120 ad
200 1079 314 1123 omnes
339 1061 491 1144 pertinet.
516 1059 714 1146 Exemplo
705 1082 741 1123 ιιι
765 1061 932 1144 praesenti
958 1061 1096 1124 materia
1121 1061 1164 1124 sit
1180 1061 1226 1134 fa·

133 1176 262 1219 mosum
285 1156 465 1240 ,edictum‘,
490 1157 734 1244 quolesephus
757 1158 812 1242 ll,
837 1159 1025 1244 imperator,
1050 1157 1226 1222 haereticis

133 1263 166 1316 et
189 1253 410 1320 schismaticis
434 1255 570 1332 ditionis
601 1258 787 1320 austriacae
818 1255 1048 1338 tolerantiam,
1070 1255 1225 1342 multipli-

133 1352 226 1415 citer
239 1361 351 1417 tanton
375 1355 569 1437 restrictam,
595 1355 758 1418 concessit
773 1354 803 1420 d.
823 1354 872 1419 13.
888 1351 1148 1436 0111117811).
1172 1355 1227 1418 Ex

132 1450 349 1536 scriptoribus
382 1474 449 1515 non
474 1452 603 1535 desunt,
635 1456 692 1538 qui
717 1452 928 1526 tolerantiam
950 1452 1156 1533 ,ludaeorum
1181 1453 1228 1517 ad'

132 1547 307 1614 edictalem
332 1549 485 1632 referant,
510 1550 600 1636 quod
625 1550 744 1615 iisdem
768 1550 925 1635 generali
940 1549 1043 1615 veluti
1059 1550 1132 1637 lege
1148 1551 1227 1616 data

71 1730 80 1740 r
131 1648 173 1710 sit
194 1647 291 1732 juxta
314 1671 363 1729 ea,
388 1670 473 1734 quae
498 1647 652 1712 dicentur
675 1649 814 1713 inferius
838 1671 870 1716 n.
896 1649 949 1714 38.

218 1747 423 1828 ‚Decretum‘
446 1745 489 1810 ad
509 1745 747 1832 ¹particularem
771 1746 918 1832 aliquam
939 1768 1073 1811 eausam
1098 1755 1227 1833 spectat

131 1865 170 1906 ae
193 1846 376 1957 generatim
401 1844 531 1926 dieitur,
555 1845 644 1930 quod
667 1867 702 1909 re
719 1845 901 1910 deliberata
925 1854 1066 1931 etcogm
1058 1847 1162 1928 ta,h.
1187 1869 1223 1930 a,

132 1945 330 2007 necessariis
361 1942 558 2007 tractatibus
587 1945 650 2008 rite
683 1947 882 2030 praemissis,
918 1946 1082 2008 statuitur.
1130 1945 1225 2030 Ejus·

130 2041 220 2105 modi
243 2025 411 2112 decreto
397 2064 468 2127 Jam
494 2042 661 2107 ordinarie
685 2043 857 2107 tolerantia
894 2043 1098 2126 conceditur,
1125 2065 1229 2129 quam
1272 2125 1273 2130 ἵ

130 2138 255 2203 idcirco
279 2140 503 2260 ,decretalem‘
527 2163 696 2212 vocamus.
1227 2150 1230 2156 '

205 2337 273 2402 19.
290 2337 344 2401 Ex
359 2333 553 2402 tolerantiae
571 2336 702 2402 decreto
721 2337 878 2402 facillime
892 2347 1031 2424 apparet
1052 2347 1156 2425 ,actus
1171 2361 1224 2403 nc·

128 2437 263 2519 gativus
287 2458 409 2500 sonans
440 2438 474 2500 in
503 2438 583 2522 pati‘
605 2435 713 2548 (hoie
716 2457 772 2501 nn.
798 2436 953 2519 10-11);
991 2445 1085 2502 actus
1117 2459 1225 2522 mega·

129 2536 229 2632 tivus,
254 2535 381 2600 seilicet
404 2533 435 2601 h.
453 2557 480 2602 e
484 2544 618 2618 ,tnega
620 2535 650 2598 io
675 2557 714 2598 ae
716 2536 816 2599 itonis
840 2534 965 2619 legis
939 2557 1011 2599 s1ve
1027 2536 1223 2600 confirman-

128 2632 173 2717 tis
192 2634 281 2714 ¹sive
320 2585 555 2719 dispensaritis:
591 2635 669 2720 quia
701 2655 809 2718 neque
833 2655 885 2698 res
923 2634 1054 2698 decreto
1086 2634 1224 2698 tolerata

129 2731 344 2796 confirmatur
368 2754 475 2818 neque
498 2732 553 2796 lex
577 2731 760 2806 relaxatum
800 2741 894 2796 actus
925 2754 1058 2813 ,sonans
1082 2735 1117 2797 in
1138 2735 1223 2822 'pati‘

129 2841 222 2895 vero':
248 2833 327 2917 quia
349 2829 518 2915 legislator
538 2828 693 2895 decretali
725 2837 846 2893 statuto
865 2855 866 2858 ¹
883 2828 1016 2915 publice
1051 2831 1224 2918 profitetur

129 2950 168 2991 ac
199 2928 302 2992 veluti
327 2932 458 2994 sonanti
483 2951 538 2993 ore
562 2927 727 3009 omnibus,
752 2949 893 3014 quorum
921 2930 1067 3012 interest,
1112 2930 1223 3032 palam

128 3026 303 3116 signifieat,
329 3037 386 3112 pat
388 3029 397 3090 i
415 3050 498 3109 se,u
478 3037 579 3092 utres
586 3026 797 3102 toleratat
747 3034 797 3089 mt
798 3049 834 3090 ra
851 3023 933 3090 fines
946 3027 1094 3091 decreti
1086 3051 1222 3114 impunc

128 3125 195 3210 liat,
220 3125 351 3218 adjecta
383 3127 482 3190 etiarn
508 3124 746 3210 prohibitione,
781 3147 822 3188 ne
848 3127 922 3210 quis
947 3124 1032 3189 alius
1056 3127 1220 3212 impedire

127 3177 217 3288 sicile
186 3225 352 3310 tpcssit
376 3227 422 3307 (11.
438 3222 506 3306 30).
606 3242 609 3246 ·
1051 3251 1052 3254 ’

216 3421 270 3488 20.
305 3420 405 3485 Plura
428 3420 623 3484 tolerantiae
647 3416 800 3505 exempla
833 3419 867 3484 in
890 3419 967 3504 jure
991 3441 1084 3484 sacro
1109 3441 1224 3486 occur·

127 3529 212 3587 runt.
260 3521 314 3584 Ex
338 3520 378 3583 iis
401 3541 508 3605 pauca
532 3526 661 3582 tantum
694 3519 918 3603 proponimus,
953 3527 988 3582 ut
1019 3518 1122 3583 lector
1149 3521 1220 3606 ipse

127 3621 194 3684 suis
230 3617 334 3684 oculis
381 3618 504 3698 videat,
545 3619 579 3680 in
616 3616 753 3701 singulis
787 3613 919 3680 casibus
958 3639 1074 3681 revera
1107 3621 1218 3683 omnia

127 3719 181 3783 illa
206 3718 330 3800 adesse,
361 3739 446 3802 quae
471 3717 505 3778 in
530 3715 806 3800 praecedentibus
840 3715 882 3779 ad
908 3717 1085 3779 essentiam
1110 3719 1217 3782 omnis

125 3814 318 3880 tolerantiae
343 3813 608 3880 constituendam
632 3817 756 3900 requiri
791 3813 949 3897 diximus,
974 3815 1131 3878 nimirum
1159 3817 1219 3879 sci-

126 3916 248 3978 entiam
289 3937 328 3978 ac
374 3912 589 3994 voluntatem,
620 3913 728 3997 justas
763 3934 948 3998 gravesque
984 3935 1110 3996 causas,
1147 3936 1218 3998 per·

126 4014 316 4078 missionem
334 4013 595 4097 comparativam
611 4013 692 4075 eitra
703 4011 976 4096 approbationem
994 4014 1041 4076 rei
1061 4011 1218 4078 toleratae

125 4122 158 4176 et
181 4113 252 4174 sine
281 4109 527 4197 dispensatione
550 4110 642 4193 legis,
668 4110 813 4174 ⁴tandem
845 4133 897 4174 res
930 4111 1098 4192 adversas,
1131 4135 1224 4199 quae-

126 4209 335 4274 manifestam
361 4209 446 4274 'mali
481 4211 552 4272 sive
582 4208 648 4272 odii
674 4210 818 4294 speciem
843 4231 922 4294 prae
947 4231 980 4272 se
1005 4211 1122 4274 ferant.

215 4359 574 4432 ²)Refertur1n,Kaiserl.
593 4358 706 4428 Konigl
726 4358 975 4427 Verordnungen
966 4375 995 4413 m
1023 4361 1146 4415 materiis
1162 4317 1225 4430 pn}

123 4443 202 4498 blico·
205 4441 354 4497 ecclesiast
346 4440 395 4495 1cis
398 4402 558 4512 ‘(editionis
570 4445 749 4509 augustanae,
760 4455 803 4496 an.
813 4439 890 4507 1783,
910 4438 974 4498 fasc
983 4439 1013 4508 Ι,
1030 4441 1206 4498 tuo-1882

124 4540 167 4594 ιι)
188 4523 310 4592 eo-sa)

645 4629 700 4698 113)
