3218 5446
328 541 396 595 Eam
411 541 484 595 inter
497 544 526 594 et
537 539 690 608 patentium
708 538 859 603 discrimen,
878 551 923 593 nn.
946 539 1059 592 12-13.

149 731 289 802 tantum,
315 743 417 807 quum
450 721 532 784 haec
566 721 678 784 omnit
709 720 791 782 citra
815 727 964 788 nostrum
994 718 1243 784 incommodum

150 828 208 884 aut
223 819 422 884 ‘molestiam'
442 817 535 883 fiant.
869 880 874 887 ,
1169 835 1173 840 ·

236 917 374 1000 ¹Contra,
402 919 428 982 si
464 917 597 980 vicinus
620 925 732 981 noster
762 937 838 982 suas
854 916 954 980 aedes
990 916 1090 980 altius
1129 915 1242 982 aedifi·

151 1017 258 1082 cando
289 1024 500 1102 prospectum
531 1017 680 1079 nostrum
704 1014 876 1099 impediat,
915 1024 973 1079 aut
1005 1034 1129 1080 novum
1162 1036 1245 1100 opus

150 1114 304 1179 faciendo
329 1136 450 1201 aquam
475 1114 625 1198 pluviam
647 1115 682 1178 in
701 1122 847 1177 nostram
872 1135 984 1177 aream
1007 1112 1138 1198 dirigat,
1164 1114 1244 1198 quin

150 1215 303 1278 resistere
341 1215 520 1299 possimus,
561 1221 642 1276 tune
681 1211 773 1276 locus
806 1221 856 1276 est
885 1213 1081 1277 tolerantiae
1113 1213 1245 1297 proprie

151 1311 271 1394 dictae,
295 1320 327 1375 et
352 1333 419 1375 non
442 1311 625 1396 patientiae
648 1318 796 1391 tantum3
830 1333 925 1397 quae,
961 1319 998 1374 ut
1027 1310 1155 1375 dictum
1186 1318 1245 1392 est,

150 1407 249 1475 latius
265 1409 407 1495 vagatur
421 1419 454 1474 et
469 1431 507 1473 ea
520 1430 653 1495 quoque
670 1410 827 1490 continet,
845 1431 930 1495 quae
946 1409 1042 1474 uobis
1052 1419 1147 1493 grata
1157 1417 1245 1475 sunt.

241 1509 331 1573 Hine
355 1509 516 1594 patientia
548 1509 583 1572 in
614 1509 706 1572 omni
739 1506 914 1572 tolerantia
942 1507 1046 1591 adest,
1086 1507 1145 1579 sed
1175 1528 1242 1572 non

151 1610 301 1674 vicissim
326 1609 361 1672 in
385 1609 476 1678 omui
500 1607 662 1692 patientia
687 1607 787 1671 etiam
812 1605 988 1670 tolerantia
1003 1605 1154 1671 habetur.

229 1701 294 1772 'Ex
319 1706 487 1771 communi
512 1727 575 1769 usu
591 1705 749 1792 loquendi
774 1714 886 1770 tamcn
904 1706 1088 1792 patientia-e
1112 1704 1246 1768 nomine

152 1807 200 1870 uti
225 1805 366 1870 solemus
390 1806 425 1868 in
449 1803 600 1868 adversis
625 1812 657 1867 et
680 1802 776 1869 malis
794 1826 815 1867 a
829 1801 1245 1889 naturaprovenientibus,

152 1913 267 1969 contra
291 1904 481 1969 tolerantiae
505 1924 626 1967 nornen
642 1901 842 1967 adhibemus
865 1903 900 1965 in
924 1900 1246 1987 perferendis'malis

151 2001 350 2082 moralibus,
386 2022 473 2086 quae
510 1999 637 2065 scilieet
670 2000 805 2086 majoris
838 1999 917 2066 mali
956 2000 1107 2068 evitandi
1138 2001 1247 2084 gratia

149 2101 292 2166 tolerare
315 2098 487 2164 debemus.
965 2108 967 2112 ’

244 2244 295 2308 13.
324 2241 413 2306 Mala
437 2241 575 2307 moralia
598 2243 782 2324 generatim
807 2264 846 2305 ea
871 2231 1037 2325 dicuntur,
1062 2264 1147 2329 quae
1170 2240 1247 2326 legi·

154 2341 216 2406 bus
240 2341 484 2427 adversantur3¹
503 2348 581 2404 sunt
595 2348 706 2403 autem
723 2339 865 2426 duplicis
880 2342 1021 2425 generis,
1046 2350 1144 2425 prout
1159 2338 1248 2424 leges

153 2442 244 2526 ipsae
268 2440 302 2504 in
328 2438 411 2503 duas
436 2438 557 2503 classes
582 2437 843 2522 distinguuntur,
879 2439 912 2501 in
936 2438 1026 2522 leges
1046 2439 1132 2524 juris
1156 2447 1248 2502 natu·
1299 2474 1302 2481 ·

153 2538 231 2603 ralis
262 2536 389 2602 scilicet
423 2545 455 2600 et
485 2539 520 2600 in
552 2535 641 2621 leges
664 2537 836 2622 positivus.
884 2536 979 2617 Quae
1007 2537 1075 2623 juri
1109 2545 1248 2602 naturae

154 2638 337 2703 conformia
363 2657 429 2700 non
455 2644 541 2718 sunt,
567 2635 696 2721 legibus
721 2635 903 2700 honestatis
934 2644 967 2699 et
984 2635 1108 2700 'decori
1132 2656 1249 2720 repug-

153 2744 250 2818 nant3
298 2739 384 2821 quae
421 2756 499 2798 vero
530 2734 599 2819 juri
636 2735 806 2798 communi
842 2736 985 2819 positivo
1019 2734 1248 2815 adversantur,

155 2856 286 2920 semper
310 2833 425 2897 odiosa
448 2842 626 2897 censentur
649 2854 719 2896 esse
744 2855 783 2896 ac
798 2833 894 2911 mala,
921 2823 999 2918 quia
1016 2831 1248 2919 consequendo

156 2935 242 2999 bono
268 2934 448 3014 communi,
473 2930 506 2998 h.
530 2954 571 3014 e.,
596 2931 655 2994 fini
679 2933 847 3004 societatis
871 2931 1013 2996 obstant.
1070 2919 1084 2942 ⁸

165 3085 167 3090 .
244 3031 394 3117 Utraque
419 3029 506 3094 mala
529 3029 669 3094 tolerare
703 3051 802 3114 saepe
834 3031 1013 3094 necessitas
1048 3028 1128 3093 boni
1162 3049 1249 3092 eom·

155 3132 266 3216 munis
291 3131 389 3213 cogit,
413 3129 573 3191 nimirum
597 3127 640 3190 ad
666 3127 791 3213 majora
807 3127 1020 3191 incommoda
1034 3125 1203 3191 evitanda.

247 3229 298 3292 14.
322 3227 367 3291 Et
389 3227 534 3312 priorem
559 3227 704 3311 speciem
730 3224 892 3313 malorum
918 3224 1006 3310 quod
1031 3227 1158 3305 attinet,
1184 3245 1250 3288 cor·

155 3329 256 3392 rectio
281 3325 428 3389 violenta
461 3345 560 3408 saepe
592 3322 666 3410 plus
700 3322 814 3387 damni
848 3333 933 3386 esset
964 3322 1114 3403 allatura,
1150 3343 1250 3408 quam

154 3427 285 3511 patiens
309 3423 486 3486 tolerantia
510 3443 634 3503 eorum,
670 3443 755 3507 quae
787 3424 943 3508 princeps
975 3424 1058 3486 citra
1087 3420 1249 3507 approba·

154 3525 279 3587 tionem
303 3522 375 3585 fieri
400 3520 562 3604 patitur1).
610 3519 811 3606 Respublica
836 3523 924 3584 euim
950 3521 1079 3606 corpori
1104 3519 1249 3583 humano

155 3620 340 3706 aegrotanti
365 3617 542 3702 multisque
568 3615 733 3682 laboranti
759 3617 853 3682 malis
878 3621 912 3682 in
931 3619 1008 3704 jure
1025 3627 1249 3705 comparatum

154 3721 214 3802 ,sic
238 3719 339 3782 etiam
364 3724 441 3780 sunt
475 3717 509 3778 iu
535 3713 675 3779 ecclesia
698 3714 849 3780 homines
874 3717 963 3798 mali,
995 3727 1032 3780 ut
1054 3719 1090 3781 in
1115 3738 1249 3802 corpore

154 3817 301 3882 humano
326 3813 482 3878 humores
506 3812 640 3895 mali‘²);
667 3824 699 3877 et
722 3825 858 3898 ‚cogunt
882 3814 1002 3880 multae
1020 3817 1170 3881 invenire
1186 3837 1249 3879 me·

156 3915 286 3979 dicinas
310 3911 489 3976 multorum
514 3914 746 3996 experimenta
769 3913 969 3992 morborum,
995 3913 1252 3978 detrahendum-

147 4131 150 4138 ,
249 4075 268 4144 ¹)
286 4074 356 4144 ‚Wir
385 4073 515 4126 tolerarat
541 4070 602 4125 eine
627 4070 719 4137 Sache,
750 4071 794 4125 die
819 4089 870 4126 uns
897 4077 920 4130 1.
940 4075 1084 4128 widertc'ch
1110 4074 1174 4128 oder
1199 4089 1252 4143 ger

154 4155 291 4210 schtdlich
309 4154 354 4219 ist,
374 4153 430 4206 und
449 4152 531 4206 deren
559 4167 594 4205 nu
613 4151 772 4220 entleuigen
791 4153 842 4206 wir
867 4154 942 4208 nicht
969 4170 1032 4209 nur.
1045 4157 1071 4212 2,
1090 4155 1134 4209 die
1153 4155 1252 4220 hecht,

154 4236 272 4290 eundern
290 4234 360 4289 auch
380 4237 404 4287 3.
424 4232 473 4286 das
492 4232 582 4286 Recht
599 4231 705 4299 hiitten,
725 4233 840 4288 welches
858 4235 910 4289 wir
925 4234 1022 4303 jedoch
1046 4237 1070 4294 4,
1091 4250 1139 4289 aus
1158 4235 1253 4290 treiem

155 4315 259 4370 Willen
278 4315 355 4370 nieht
373 4313 450 4384 thuu,
480 4314 542 4366 weil
568 4314 619 4367 dos
644 4313 853 4384 theoreyeaehore
880 4317 961 4369 dabri
979 4317 1067 4370 durch
1086 4317 1253 4370 uaderwec'tc

160 4397 296 4450 Vortheite
309 4395 491 4466 aufycwopea
505 4396 594 4452 wirot‘.
631 4394 677 4448 Ita
690 4394 870 4463 Schlbner,
892 4397 1154 4468 Stante-Areseiqea,
1178 4403 1198 4454 t.
1212 4400 1253 4464 16,

155 4490 180 4543 p.
199 4477 261 4541 406,
280 4491 307 4531 n.
326 4477 370 4532 43.
462 4475 485 4546 ²)
501 4476 530 4532 Ο.
551 4475 601 4530 Est
619 4475 712 4529 unitas
731 4477 774 4542 49,
794 4475 856 4530 dist.
876 4479 901 4532 4.
922 4478 1044 4544 decons.

685 4583 723 4652 (9)
