3218 5446
389 590 553 644 tolerantiae
572 605 645 654 ,sano
664 589 816 644 intellectu‘
835 589 973 646 adhibitis.

127 770 161 832 in
185 780 263 834 actu
286 771 432 836 secundo
458 771 590 835 demum
614 793 729 857 reapse
754 770 865 835 ablata
881 771 1092 855 conspicitur.
1118 770 1221 835 Etita

126 867 296 933 decretum
331 870 465 934 tandem
499 871 627 933 exitum
656 891 752 933 suum
777 868 887 933 habet.
935 869 1036 932 Tanti
1061 871 1220 933 momenti

126 975 184 1048 est,
210 989 324 1032 veram
339 966 527 1053 justamque
552 966 675 1031 decreti
698 966 967 1052 applicationem,
1003 989 1065 1052 ope
1088 969 1221 1032 canoni-

125 1085 239 1128 carum
264 1065 546 1150 interpretationis
569 1062 768 1147 regularum,
795 1087 910 1129 curare
934 1087 974 1128 ac
991 1065 1089 1129 tueri!

215 1162 266 1228 74.
304 1162 477 1249 Quidquid
511 1161 553 1227 ad
589 1184 703 1228 veram
741 1162 828 1227 hanc
862 1164 1055 1248 justamque
1092 1161 1216 1227 decreti

128 1259 388 1346 applicationem
401 1263 472 1325 sivo
483 1262 714 1326 executionem
729 1261 978 1347 impediendam
1002 1270 1160 1342 tentatur,
1181 1261 1216 1325 id

124 1358 325 1440 ,indiscretis
351 1359 414 1424 illis
429 1357 740 1444 impugnationibus
756 1368 960 1441 accensetur,
986 1358 1108 1445 quibus
1123 1359 1217 1444 legis·

124 1456 209 1521 lator
232 1458 322 1522 edito
356 1456 489 1522 decreto
513 1457 614 1521 finem
638 1460 821 1544 imponere‘
845 1458 981 1523 studuit.

213 1556 256 1620 Et
290 1559 447 1642 quoniam
482 1577 588 1620 sermo
624 1567 736 1621 noster
771 1557 837 1621 hue
868 1556 997 1639 recidit,
1031 1557 1216 1623 videndum

125 1655 300 1740 speciatim
325 1659 374 1720 est

363 1853 416 1915 De
439 1851 628 1916 indiscretis
653 1849 974 1936 impugnationibus,

122 2030 156 2093 in
181 2029 302 2115 quibus
327 2030 517 2094 auferendis
541 2029 654 2093 Emus.
681 2027 869 2092 Cardinalis
893 2051 917 2093 s.
941 2028 1216 2114 Congregationis

122 2127 310 2213 praefectus
335 2131 404 2192 vim
428 2149 560 2192 omnem
585 2136 683 2212 etque
708 2127 863 2190 effectum
881 2126 1004 2191 decreti
1021 2128 1216 2192 tolerantiae

121 2227 237 2291 merito
262 2226 477 2310 collocavit1).

210 2325 400 2409 ,Vigilanti‘
426 2324 527 2388 verbo
552 2325 586 2387 in
610 2345 645 2387 re
664 2322 812 2408 juridica
839 2346 918 2388 usus
935 2324 1104 2388 estEmus
1119 2325 1215 2389 Prin·

122 2445 210 2506 ceps,
236 2446 337 2509 quum
356 2424 396 2487 de
413 2423 626 2505 ,indiscretis‘
643 2422 952 2507 impugnationibus
972 2444 1031 2507 per
1044 2423 1214 2489 decretum

121 2520 315 2585 tolerantiae
350 2522 507 2587 finiendis
530 2522 728 2607 loqueretur.
759 2520 917 2585 Nostrum
942 2530 1000 2600 est,
1029 2524 1214 2606 genuinum

120 2620 191 2706 ejus
216 2619 309 2682 verbi
334 2643 466 2685 sensum
492 2644 535 2685 ex
553 2621 630 2705 jure
654 2641 759 2704 sacro,
785 2621 819 2683 in
844 2642 909 2706 quo
935 2642 1034 2706 saepe
1058 2624 1214 2704 occurrit,

121 2709 268 2774 breviter
292 2708 523 2776 determinare.

212 2806 264 2871 75.
289 2808 328 2872 In
354 2811 455 2873 sacris
480 2817 591 2872 autem
616 2806 802 2871 canonibus
826 2807 1029 2893 adjectivum
1045 2807 1213 2889 ,indiscre-

119 2908 184 2970 tus‘
209 2906 387 2992 dupliciter
410 2909 561 2988 sumitur,
590 2905 751 2985 absolute,
776 2905 808 2972 h.
833 2929 871 2987 e.,
897 2907 1091 2992 simpliciter
1115 2915 1214 2992 atque

119 3006 154 3068 in
179 3027 223 3085 se,
255 3013 289 3068 et
319 3015 519 3090 comparate,
551 3003 583 3068 h.
610 3027 649 3087 a,
682 3005 859 3089 conjuncte
884 3027 960 3070 oum
990 3005 1080 3069 aliis:
1111 3005 1213 3091 idque

119 3105 191 3167 sive
217 3105 257 3168 de
281 3126 423 3190 persona
447 3107 518 3168 sive
543 3102 583 3166 de
608 3124 643 3166 re
668 3103 807 3171 dicatur.

208 3202 464 3284 ,Indiscretum‘,
498 3201 694 3288 simpliciter
725 3211 910 3287 acceptum,
942 3211 1091 3285 vocatur,
1123 3202 1211 3287 quod

120 3301 191 3364 sine
225 3301 427 3383 discrimine,
458 3303 529 3365 sine
560 3300 835 3383 consideratione,
871 3303 942 3365 sine
976 3300 1117 3380 delectu,
1142 3302 1212 3365 sine

113 3399 255 3483 judicio,
279 3401 350 3464 sine
375 3421 475 3463 causa
493 3399 642 3484 juridica
666 3398 718 3463 fit:
744 3399 894 3485 adeoque
918 3399 1211 3482 inconsideratum,

118 3499 301 3577 incautum,
327 3500 551 3580 temerarium,
576 3498 738 3582 injustum
764 3507 820 3564 est.

206 3595 462 3678 ,Indiscretum‘,
480 3604 669 3681 comparate
686 3605 867 3681 sumptum,
886 3597 1100 3682 adsignificat
1116 3597 1211 3683 plura

117 3693 183 3758 alia
207 3693 305 3758 simul
329 3696 508 3779 proposita,
533 3715 714 3779 quaecum
729 3697 917 3760 necessaria
933 3696 1209 3779 consideratione,

118 3792 258 3857 discrete
282 3801 315 3855 et
338 3791 451 3874 electe,
476 3792 547 3856 fieri
565 3801 731 3878 poterant3
758 3817 799 3857 ex
814 3794 936 3880 quibus
950 3805 1062 3858 tamen
1078 3806 1211 3881 propter

208 4040 228 4110 ¹)
247 4040 290 4095 En
308 4040 360 4095 tibi
378 4040 508 4109 egregiae
525 4041 600 4097 illius
619 4041 752 4110 epistolae
770 4042 910 4110 integrum
928 4041 1051 4109 incisum,
1070 4044 1141 4111 qnod
1159 4044 1212 4099 hnc

115 4121 249 4188 pertinet:
279 4120 404 4186 ‚Confido
425 4121 637 4189 Amplitudinem
655 4123 742 4178 Tuam
769 4123 819 4176 hoc
840 4122 956 4177 Sanctae
974 4124 1051 4179 Sedis
1077 4124 1210 4193 judicium

116 4204 198 4269 grato
216 4199 306 4254 animo
325 4207 513 4270 exceptorem,
540 4202 563 4256 si
583 4203 654 4257 enim
672 4203 841 4272 provisiones
860 4204 1095 4260 extraordinariae
1119 4222 1136 4259 a
1154 4206 1209 4260 sin·

115 4280 187 4349 gulis
207 4281 337 4349 episcopis
355 4282 385 4335 in
403 4282 519 4350 propriis
536 4283 710 4350 dioecesibus,
729 4285 943 4338 circumstantiis
971 4286 999 4339 id
1023 4285 1207 4354 exigentibus,

115 4361 214 4427 iactae,
233 4361 339 4428 quando
358 4379 375 4416 a
392 4363 516 4431 generali
533 4364 595 4432 lege
613 4364 705 4432 aliqua
724 4382 757 4420 ex
775 4370 855 4434 parte
867 4365 1023 4436 deflectunt,
1044 4367 1153 4435 probari
1168 4369 1207 4422 di·

115 4442 250 4497 recteaS.
261 4442 328 4497 Sede
337 4449 481 4511 nequeant,
500 4450 591 4500 tannen
610 4461 691 4513 quum
701 4446 803 4500 Eadem
822 4446 934 4501 tolerari
952 4447 1013 4502 illas
1032 4463 1109 4516 posse
1123 4449 1209 4504 decla·

115 4528 166 4588 rot,
185 4522 339 4580 indiscretis
356 4525 608 4593 impugnationibus
621 4525 700 4580 finem
719 4527 851 4596 imponit‘.

630 4633 685 4704 (53)
