3218 5446
658 578 695 636 11.
714 577 754 632 De
771 574 923 631 rationibus
941 573 1044 630 decreti
1062 570 1226 626 tolerantiae

392 783 501 844 eausa,
527 762 637 824 minus
669 759 823 823 illicitum
853 758 924 819 aive
948 755 1059 818 minus
1084 752 1206 817 malum
1235 753 1402 837 patienter
1424 752 1483 816 ad·

392 862 532 925 mittitur
544 858 587 923 ad
602 855 869 944 praecavendum
885 854 991 938 magis
1004 851 1156 917 illicitum
1172 872 1230 915 seu
1240 850 1336 936 pejus
1347 850 1483 918 malum.

481 957 532 1022 Ida
557 959 592 1021 in
615 977 650 1019 re
674 956 759 1018 sacri
784 974 928 1017 canones
957 953 1040 1015 mire
1073 950 1286 1014 consentiunt
1320 972 1396 1015 cnm
1428 951 1485 1016 do-

392 1060 499 1122 ctrina
519 1079 542 1123 s.
556 1055 715 1134 Thomas,
741 1053 797 1137 qui
821 1050 969 1137 ejusdem
994 1049 1093 1133 hujus
1104 1047 1271 1134 juridieae
1287 1047 1485 1114 tolerantiae

391 1158 535 1220 rationes
558 1154 706 1219 breviter
729 1152 776 1214 sie
801 1148 974 1214 describit:
999 1147 1050 1228 ,In
1074 1147 1236 1231 regimine
1252 1144 1399 1213 humano
1422 1146 1483 1231 illi,

392 1255 448 1339 qui
472 1262 638 1338 praesunt,
663 1258 751 1314 reete
774 1247 886 1334 aliqua
910 1246 997 1311 mala
1020 1245 1172 1328 tolerant,
1197 1267 1239 1309 ne
1262 1245 1376 1333 aliqua
1391 1247 1483 1312 bona

392 1351 626 1437 impediantur,
651 1347 706 1414 vel
729 1349 829 1412 etiam
854 1368 896 1412 ne
908 1349 1022 1432 pejora
1038 1343 1303 1427 incurrantur‘⁸).
1329 1345 1389 1411 Eat
1405 1367 1486 1431 ergo

393 1450 594 1533 comparatio
619 1447 745 1512 directa
780 1443 955 1509 interduo
990 1441 1086 1524 male,
1121 1444 1208 1507 inter
1239 1444 1359 1525 minus,
1393 1444 1483 1530 quod

392 1546 463 1610 fieri
487 1547 697 1631 permittitur,
732 1553 764 1607 et
796 1544 883 1607 inter
906 1541 1024 1627 majus,
1056 1540 1145 1627 quod
1178 1561 1238 1625 per
1269 1541 1482 1607 tolerantiam

392 1646 529 1709 minoris
553 1645 723 1709 avertitur.

483 1816 535 1880 28.
556 1811 710 1880 Gallorur.
722 1816 752 1880 3.
764 1810 954 1876 Genuinam
966 1810 1132 1873 notionem
1151 1808 1273 1873 decreti
1291 1807 1487 1875 tolerantiae
1596 1841 1597 1892 l

392 1924 596 2000 pervertunt,
622 1914 678 1998 qui
703 1912 965 1997 comparativam
999 1908 1099 1990 illam,
1132 1931 1217 1994 quae
1250 1909 1488 1976 intolerantia

392 2016 488 2091 inest,
522 2013 770 2098 permissionem
811 2012 857 2073 ita
889 2007 1067 2093 explicant,
1101 2029 1140 2070 ae
1173 2008 1200 2070 si
1234 2007 1361 2072 directa
1399 2031 1487 2073 com-

393 2113 520 2197 paratio
545 2112 632 2174 inter
663 2109 727 2173 duo
761 2107 848 2172 bona
881 2105 1093 2187 stabiliretur,
1126 2107 1213 2168 inter
1243 2108 1363 2189 minus,
1395 2109 1488 2194 quod

392 2208 563 2274 tolerando
588 2209 754 2294 probetur,
780 2217 811 2271 et
835 2208 922 2270 inter
945 2204 1037 2285 illud,
1062 2202 1151 2290 quod
1175 2205 1210 2268 in
1234 2203 1350 2268 eodem
1368 2206 1490 2272 ordine

393 2316 443 2371 est
465 2306 748 2370 absolutissimum
772 2303 922 2388 (Ideale),
947 2302 1036 2390 quod
1060 2302 1194 2366 nonnisi
1212 2324 1271 2387 per
1294 2314 1488 2370 accuratam

392 2405 475 2491 legis
499 2406 685 2469 communis
708 2403 975 2468 observationem
999 2402 1230 2483 obtineatur¹).

483 2502 517 2567 Si
542 2525 609 2589 qua
632 2505 715 2567 ratio
753 2503 831 2567 boui
862 2503 897 2567 in
926 2500 1056 2586 objecto
1090 2499 1228 2564 tolerato
1262 2501 1349 2565 inest
1387 2502 1491 2588 (inest

394 2610 504 2666 autem
529 2601 746 2686 plerumque),
770 2601 813 2665 ab
828 2623 868 2666 ea
891 2599 1060 2682 legislator
1083 2600 1118 2662 in
1143 2598 1273 2663 edendo
1291 2598 1490 2669 tolerantiae

395 2701 527 2765 decreto
552 2721 685 2786 prorsus
710 2697 892 2782 abstrahit3
917 2719 957 2762 ea
981 2698 1081 2779 enim,
1106 2697 1282 2784 quaejam
1307 2709 1384 2764 sunt
1400 2699 1493 2766 bona

394 2821 433 2863 ac
452 2798 522 2883 juri
547 2797 740 2877 conformia,
765 2819 831 2862 non
855 2818 953 2882 aegre
977 2805 1010 2860 et
1034 2795 1169 2860 moleste
1184 2806 1344 2883 tanquam
1362 2822 1414 2864 res
1430 2799 1492 2864 ad·

396 2919 517 2980 versas,
542 2898 688 2980 ingratas
713 2904 812 2981 atque
837 2895 967 2960 odiosas
992 2897 1156 2980 patienter
1187 2894 1251 2960 fert
1281 2895 1381 2983 (quae
1405 2907 1493 2962 teste

395 2998 494 3061 etiam
514 2996 591 3081 jure
614 3015 716 3078 sacro,
742 3017 821 3059 vera
838 3003 870 3057 et
893 2995 1027 3080 propria
1051 3002 1099 3057 est
1122 2992 1317 3058 tolerantiae
1333 2994 1490 3078 indoles),

395 3093 453 3158 sed
478 3115 555 3157 vero
580 3101 695 3177 sponte
725 3114 784 3156 sua
813 3091 1022 3177 libenterque
1056 3113 1132 3155 eum
1161 3092 1402 3178 approbatione
1432 3094 1492 3160 ad·

395 3193 505 3256 mittit.
552 3191 641 3274 Ergo
666 3191 755 3275 prior
778 3189 832 3253 ille
856 3191 1103 3277 comparativae
1128 3193 1354 3275 permissionis
1379 3195 1492 3257 termi-

395 3312 468 3369 nus,
493 3309 592 3374 quam
618 3279 787 3352 decretum
811 3288 1005 3353 tolerantiae
1029 3291 1180 3375 proxime
1204 3291 1340 3375 respicit
1364 3291 1492 3357 aefieri

397 3389 486 3467 sinit,
519 3385 701 3450 formaliter
732 3395 781 3449 est
811 3387 856 3470 id,
896 3387 984 3473 quod
1019 3387 1134 3473 ajure
1169 3387 1316 3453 deflectit
1343 3389 1493 3476 indeque

395 3486 548 3551 illicitum
579 3506 618 3548 ae
642 3483 764 3548 malum
800 3484 931 3552 dieitur.
979 3485 1073 3549 Alter
1106 3487 1268 3550 terminus
1298 3495 1409 3552 autem
1439 3497 1494 3554 est

397 3584 505 3669 majus
529 3582 665 3668 aliquod
680 3581 815 3666 malum,
840 3606 938 3670 saepe
963 3584 1146 3669 injectura
1170 3585 1304 3670 majoris
1329 3584 1407 3650 boni
1431 3607 1491 3673 po·

397 3685 507 3763 situm,
532 3680 620 3766 quod
645 3683 801 3766 spectatis
825 3683 992 3768 adjunctis
1017 3691 1218 3767 sequeretur,
1243 3683 1271 3745 si
1295 3685 1405 3748 minus
1422 3706 1493 3749 ma·

395 3781 464 3845 lum
489 3802 556 3843 non
580 3779 783 3846 toleraretur.

457 3964 459 3968 Ι
485 3879 537 3943 29.
563 3877 672 3964 Atque
696 3877 779 3942 haec
803 3881 935 3962 veritas,
960 3902 1045 3965 quae
1069 3902 1111 3943 ex
1135 3881 1272 3966 antiquo
1292 3879 1368 3966 jure
1386 3881 1493 3946 mani·

396 3975 480 4040 festa
504 3986 561 4056 est,
587 3977 708 4059 insigni
733 3978 833 4042 etiam
857 3977 1008 4064 exemplo
1033 3987 1165 4042 nostrae
1189 3981 1307 4043 aetatis
1332 3979 1492 4046 illustrari

488 4191 508 4260 ¹)
531 4193 557 4246 2.
576 4193 601 4248 t.
621 4205 645 4256 q.
665 4191 707 4248 10.
728 4206 751 4247 a.
773 4192 814 4248 11.
906 4190 985 4261 'tao
1012 4190 1042 4246 iu
1069 4205 1160 4247 errore
1184 4197 1311 4248 versatur
1338 4192 1493 4262 ephemeris

396 4271 599 4326 L’osservatore
612 4275 738 4336 romano‘,
758 4286 827 4338 qnae
845 4272 979 4327 rationem
998 4273 1100 4327 decreti
1119 4272 1284 4328 tolerantiae
1304 4275 1334 4328 in
1352 4289 1384 4329 eo
1402 4275 1493 4344 ponit,

397 4350 501 4420 ,perche
513 4368 566 4406 non
576 4351 734 4420 raggiuuge
753 4351 814 4418 quel
824 4353 909 4420 grado
919 4352 1117 4420 dipensatione,
1131 4353 1158 4407 al
1168 4355 1248 4421 quale
1257 4353 1285 4408 la
1294 4354 1391 4409 Chiesa
1400 4355 1494 4424 ginat-

397 4437 506 4487 amente
533 4434 641 4501 aspira‘.
671 4433 706 4500 (d.
729 4433 772 4489 31.
799 4431 866 4502 Maii
892 4434 978 4504 1892).
1016 4433 1178 4489 Praeiverat
1195 4434 1281 4489 falsus
1299 4435 1435 4504 interpres
1460 4434 1494 4492 in

397 4511 629 4578 ,BaltimoreSun‘
647 4511 683 4580 (d.
699 4514 740 4567 11.
751 4512 818 4581 Maji
826 4512 906 4582 1892)
926 4512 999 4572 infra
1017 4513 1167 4570 laudandus
1186 4530 1212 4569 n.
1232 4515 1275 4572 82.

914 4619 973 4692 (18)
