3218 5446
336 563 370 602 ex
388 549 508 615 exemplo
527 547 662 602 austriaca
680 546 834 612 intellectis,
857 562 902 602 nn.
921 547 1036 607 47-47.

138 738 299 813 tanquam
324 729 455 793 illicitas
488 727 660 814 planeque,
682 727 884 812 perniciosas
915 738 1045 811 semper
1078 725 1232 793 habuerit

140 826 304 912 ejusmodi
328 828 472 912 nuptias,
503 836 574 890 tum
607 825 648 890 ob
673 824 872 910 flagitiosam
906 827 941 890 in
974 824 1099 889 divinis
1130 825 1231 892 rebus

140 925 420 1008 communionem,
444 935 515 990 tum
540 924 582 989 ob
607 924 804 1009 impendens
829 923 991 988 catholico
1010 925 1144 1010 conjugi
1162 948 1231 1011 per-

139 1023 302 1087 versionis
326 1023 509 1108 periculum
535 1045 739 1110 pravamque
764 1022 884 1087 sobolis
909 1024 1171 1090 institutionem‘.

229 1121 344 1186 Altera
367 1123 538 1208 permissio
563 1131 684 1200 autem,
709 1120 930 1207 improbatam
962 1121 1052 1186 illam
1077 1123 1232 1209 conjunc-

140 1220 264 1284 tionem
289 1219 526 1285 catholicorum
551 1243 627 1285 cum
651 1219 845 1285 acatholicis
858 1219 949 1284 licite
964 1221 1114 1302 ineundi,
1135 1223 1232 1286 inter-

140 1315 220 1381 dum
245 1317 354 1382 locum
378 1318 488 1398 habet,
514 1319 647 1404 quando
673 1320 830 1383 nimirum
855 1319 995 1383 ecclesia
1011 1319 1171 1404 gravibus
1192 1320 1233 1385 de

141 1417 249 1479 causis
274 1417 412 1502 ,aliquid
445 1418 487 1484 de
517 1439 682 1482 canonum
716 1419 893 1482 severitate
926 1419 1107 1501 remittens,
1141 1441 1232 1504 prae-

141 1514 272 1598 scriptis
296 1517 490 1580 necessariis
514 1515 772 1595 conditionibus,
797 1516 1075 1602 impedimentum
1101 1517 1233 1603 dispen-

141 1611 244 1676 sando
278 1610 396 1677 laxat‘:
430 1636 515 1700 quae
548 1616 743 1679 concessiva
774 1616 947 1700 permissio
978 1614 1014 1678 id
1047 1615 1163 1697 efficit,
1195 1626 1232 1680 ut

140 1710 277 1794 nuptiae
301 1713 425 1776 mixtae
448 1712 561 1778 valide
584 1722 617 1776 et
639 1712 730 1777 licite
754 1712 983 1792 concilientur,
1008 1716 1148 1779 servatis
1173 1717 1232 1779 sci·

140 1806 218 1871 licet
229 1808 362 1894 regulis,
376 1811 601 1896 quaeinjungi
617 1835 636 1876 a
657 1809 743 1876 Sede
757 1810 951 1897 Apostolioa
975 1824 1232 1880 consueverunt.

183 1920 186 1926 “
230 1906 370 1988 ,Quodsi
395 1931 473 1974 vero
505 1909 571 1992 fiat,
606 1919 651 1988 ut,
681 1909 880 1974 conantibus
912 1909 990 1974 licet
1022 1920 1138 1975 contra
1174 1934 1233 1998 per

141 2003 270 2069 debitas
293 2008 464 2071 suasiones
487 2007 756 2094 hortationesque
781 2010 883 2072 sacris
907 2008 1105 2093 pastoribus,
1123 2008 1233 2074 catho-

140 2101 224 2166 licus
249 2105 301 2169 vir
331 2116 389 2171 aut
419 2105 538 2171 mulier
572 2109 605 2170 in
641 2106 860 2174 contrahendi
894 2109 991 2171 mixti
1030 2110 1233 2173 matrimonii

141 2201 224 2264 citra
248 2206 450 2268 necessarias
475 2205 645 2269 cautiones
659 2207 824 2270 sententia
836 2207 1011 2291 persistat‘,
1036 2215 1136 2292 atque
1153 2207 1232 2272 inde

140 2301 312 2385 permissio
338 2301 596 2389 dispensationis
621 2302 736 2368 haberi
762 2313 920 2390 nequeat:
950 2313 1031 2369 tunc
1055 2305 1230 2391 parochus,

141 2419 183 2461 ex
209 2396 285 2484 jure
321 2404 501 2488 communi,
547 2425 577 2483 ,a
610 2425 809 2490 quocunque
845 2404 1036 2467 interventu
1067 2404 1234 2468 abstinere

142 2495 298 2578 debera:
314 2521 355 2562 ne
370 2521 429 2584 per
443 2501 515 2586 ejus
531 2503 753 2586 praesentiam
769 2503 1012 2587 ,peccaminosa
1029 2503 1232 2588 conjunctio!

140 2595 331 2660 firmitatem
355 2599 509 2685 accipiat.

230 2694 283 2760 46.
307 2695 432 2761 Verum
456 2700 491 2762 in
514 2699 600 2762 tristi
616 2699 778 2786 ejusmodi
794 2699 1016 2785 exceptionali
1032 2721 1112 2763 casu
1127 2722 1169 2764 ex
1186 2701 1232 2765 in-

142 2791 312 2886 dulgentia
331 2795 427 2860 Sedis
451 2796 664 2882 Apostolicae
687 2797 779 2862 loeus
794 2819 865 2862 esse
886 2807 995 2883 potest
1008 2799 1234 2882 permissionis

143 2895 389 2977 comparativae
413 2917 471 2959 seu
494 2894 702 2976 ,tolerantiae
733 2905 898 2982 quatenus
923 2918 1098 2983 supremus
1129 2897 1232 2961 eccle·

142 2990 211 3052 siae
235 2993 446 3076 magistratus
469 2996 635 3079 patienter
657 3003 757 3080 atque
781 2995 918 3079 impune
942 2994 1013 3058 fieri
1029 2997 1108 3058 sinit
1123 2997 1233 3062 minus

141 3085 276 3170 malum,
300 3089 401 3176 ,quod
425 3091 478 3155 vel
500 3092 657 3178 impediri
686 3095 820 3156 omnino
853 3094 970 3180 nequit
993 3092 1047 3156 vel
1080 3095 1107 3156 si
1133 3095 1232 3179 impe·

142 3185 262 3268 diatur,
286 3188 537 3266 ,funestioribus
561 3192 660 3255 etiam
680 3192 715 3255 in
739 3192 923 3255 commodis
946 3190 1078 3256 facilem
1102 3190 1231 3258 aditum

141 3293 249 3368 potest
299 3287 508 3370 patefaceret
574 3288 650 3368 Qua
691 3289 955 3374 incomparativa
1005 3291 1233 3376 permissione,

141 3404 184 3446 ex
214 3383 392 3470 prudentia
422 3408 461 3450 ao
494 3386 720 3450 moderatione
744 3387 829 3452 citra
858 3385 1140 3472 dispensationem
1155 3388 1234 3453 tole-

141 3490 252 3545 ranter
262 3482 400 3567 indulta,
419 3485 492 3569 ipsa
522 3482 579 3548 illa
609 3485 795 3566 ,tolerantia
816 3487 1027 3550 assistentiae
1051 3487 1231 3552 materialis

142 3603 199 3644 seu
215 3583 379 3665 passivae‘
403 3583 554 3646 consistit
584 3604 684 3667 quam
708 3581 846 3646 ecclesia
870 3581 995 3648 illicitis
1026 3585 1151 3669 nuptiis
1183 3609 1233 3651 ca·

141 3677 280 3744 tholicos
312 3681 398 3745 inter
421 3690 454 3745 et
476 3680 677 3745 acatholicos
711 3679 821 3744 valide
854 3683 1010 3746 ineundis
1029 3702 1031 3706 ·
1049 3683 1233 3762 identidem

141 3776 300 3842 adhibere
340 3778 429 3845 solet.
476 3779 560 3864 Ejus
597 3779 807 3843 illustrationi
842 3780 1002 3845 inserviat
1041 3781 1232 3858 ‚Instructio

142 3874 237 3940 Sedis
266 3875 489 3962 Apostolicae‘
518 3877 561 3941 ad
585 3879 758 3964 episcopos
791 3887 919 3944 nostros
943 3901 1002 3964 per
1022 3877 1234 3964 Hungariam

142 3976 335 4038 constitutos
368 3975 446 4040 data
470 3974 524 4039 die
548 3974 601 4040 30.
627 3974 732 4060 April.
761 3975 857 4040 1841.

231 4071 344 4152 Quum
382 4074 592 4158 episcopatus
632 4072 825 4157 Hungariae
850 4072 1010 4158 Gregorio
1048 4075 1114 4140 ΡΡ.
1146 4076 1233 4140 XVI

141 4171 257 4253 ,fusius
281 4173 497 4257 exposuisset,
523 4181 656 4257 propter
680 4171 877 4255 denegatam
910 4173 1046 4258 parochi
1078 4176 1231 4239 assisten-

141 4272 220 4334 tiam
245 4291 311 4334 non
336 4269 441 4334 solum
466 4259 588 4334 olerum
614 4272 648 4335 in
672 4273 886 4354 gravissimas
920 4272 1027 4356 redigi
1051 4274 1231 4357 angustias,

141 4417 354 4425 ——ffl

234 4488 253 4556 1)
274 4487 318 4538 Ita
336 4501 357 4542 s.
376 4483 509 4557 Officium,
528 4485 572 4539 die
592 4486 633 4540 17.
651 4485 727 4540 Junii
748 4486 825 4538 1829.

658 4592 714 4664 (31)
