3218 5446
608 537 644 594 11.
664 538 704 592 De
723 537 874 592 rationibus
893 537 997 593 decreti
1017 539 1179 594 tolerantiae

874 828 927 880 B.

351 931 514 1024 Exempla
537 951 578 1005 ex
591 932 837 1006 retentoribus
853 934 940 1006 eotls
958 933 1101 1007 Sanctae
1117 933 1214 1006 tedis
1235 933 1454 1026 deprompta.

441 1113 493 1181 39.
505 1114 737 1179 Praemonit.
754 1115 782 1182 1.
807 1113 1009 1200 Temporum
1021 1113 1149 1179 indoles
1159 1114 1279 1195 effecit,
1295 1122 1453 1199 utposte·

351 1212 419 1275 rior
429 1221 520 1276 aetas
535 1211 638 1277 multo
654 1213 796 1278 feracior
807 1222 892 1278 esset
901 1212 1109 1277 decretorum
1122 1212 1328 1294 tolerantiae,
1344 1233 1453 1298 quam

351 1309 451 1395 longa
474 1310 530 1376 illa
553 1312 720 1398 periodus,
741 1314 776 1377 in
797 1322 862 1398 qua'
877 1313 1081 1398 antiquiores
1096 1311 1186 1396 leges
1201 1310 1452 1376 ecclesiastieae

352 1409 386 1472 in
410 1430 515 1473 unum
544 1432 663 1496 eorpus
681 1412 768 1498 juris
792 1412 878 1476 sacri
902 1410 1105 1475 coaluerunt.
1141 1409 1176 1475 Si
1201 1410 1290 1474 enirn
1314 1411 1349 1474 in
1373 1410 1450 1495 ipso

346 1506 424 1592 jure
459 1505 570 1572 clauso
602 1508 678 1592 ,hoc
702 1510 773 1595 jam
806 1510 996 1596 frequenter
1020 1510 1169 1593 contigit,
1200 1517 1236 1574 ut
1269 1529 1312 1572 ex
1335 1509 1446 1572 varia-

350 1605 441 1669 tione
465 1627 690 1691 personarum,
723 1629 908 1686 causarum,
944 1617 1129 1694 temporum
1155 1616 1188 1671 et
1210 1605 1357 1671 locorum
1382 1614 1450 1671 sta·

351 1712 423 1767 tuta
447 1705 655 1770 variarentur
690 1706 847 1788 humana,
882 1708 1074 1792 praesertim
1111 1707 1213 1791 quum
1245 1726 1367 1789 urgens
1391 1726 1449 1768 ne-

351 1802 487 1866 cessitas
501 1803 556 1868 vel
570 1803 708 1869 evidens
732 1805 857 1869 utilitas
880 1805 915 1869 id
929 1803 1141 1891 exposcebat‘
1149 1809 1181 1887 ¹),
1196 1803 1299 1868 multo
1314 1802 1449 1868 facilins

352 1922 441 1965 nunc
464 1903 500 1965 in
525 1905 659 1967 mutatis
681 1925 791 1968 rerum
808 1905 956 1967 omnium
980 1903 1147 1988 adjunctis
1164 1903 1299 1966 evenire
1316 1901 1446 1985 debuit,

352 2008 397 2082 ut,
422 1999 521 2087 ,quod
538 2010 663 2066 attenta
679 2001 897 2065 consideratio
923 2023 964 2065 ex
981 2001 1172 2086 conjectura
1186 1998 1352 2086 probabili
1373 2021 1447 2085 pro-

351 2099 498 2163 futurum
523 2108 621 2164 antea
653 2100 849 2178 crediderat,
881 2098 1086 2185 subsequens
1118 2100 1324 2185 experientia
1356 2100 1447 2164 noci-

351 2218 432 2261 vum
456 2197 694 2280 ostenderetffii,
720 2208 823 2284 utque
847 2199 894 2262 ita
916 2199 1089 2282 ,suadente
1113 2196 1339 2284 subjectorum
1359 2195 1447 2260 utili-

351 2296 459 2378 total)
483 2319 554 2382 ,pro
577 2296 841 2362 consideratione
857 2306 1013 2377 aetatum,
1038 2305 1223 2381 temporum
1241 2304 1273 2359 et
1289 2296 1446 2382 gravium

351 2396 624 2480 necessitatum‘⁴)
660 2397 841 2475 ,severitati
876 2403 963 2459 esset
995 2393 1122 2479 aliquid
1147 2392 1442 2479 detrahendum‘l).

441 2493 490 2557 Ne
505 2496 631 2558 veroin
647 2496 839 2559 austeritate
857 2495 1042 2579 priscorum
1064 2514 1229 2557 canonum
1247 2492 1445 2575 ,secundum

351 2601 537 2678 temporum
558 2595 762 2658 verietatem‘
786 2593 970 2677 mitiganda
990 2593 1068 2677 jura
1091 2593 1163 2676 ipsa
1194 2590 1444 2675 dispensatione

351 2689 550 2772 relaxarent,
575 2691 676 2757 adid
701 2692 828 2756 consilii
854 2692 1061 2756 devenerunt
1083 2690 1225 2754 Romani
1250 2687 1443 2770 Pontifices,

352 2799 389 2854 ut
412 2789 533 2872 ,media
558 2799 658 2854 strata
691 2791 777 2854 inter
803 2792 946 2874 rigorem
977 2798 1010 2854 et
1040 2789 1321 2874 dispensationem
1355 2789 1445 2852 ince-

353 2889 503 2970 dendo‘i)
517 2888 698 2952 identidem
712 2889 807 2974 plura
824 2887 988 2952 tolerando
1013 2888 1084 2952 fieri
1101 2889 1337 2974 permitterent,
1355 2908 1443 2972 quae

353 2987 537 3073 approbare
563 2985 749 3052 noluerunt.

441 3086 494 3151 40.
519 3086 750 3150 Praemonit.
775 3087 794 3148 2
820 3085 931 3166 Quum
957 3107 1041 3170 quae
1065 3085 1100 3148 in
1121 3083 1288 3167 farragine
1304 3081 1445 3147 volumi·

352 3206 432 3249 num
449 3183 685 3248 resolutionum
705 3205 916 3248 romanarum
933 3205 1053 3267 magno
1069 3203 1205 3245 numero
1221 3183 1444 3263 continentur,

352 3284 495 3366 ,decreta
525 3282 729 3346 tolerantiae‘
757 3281 929 3368 aequalem
952 3281 1063 3345 terme
1085 3282 1248 3344 rationem
1272 3280 1397 3344 formae
1425 3302 1445 3342 e

353 3380 474 3446 valoris
497 3379 651 3462 habeant,
677 3379 821 3466 indeque
845 3403 887 3443 ex
911 3379 1027 3444 ordine
1051 3377 1177 3465 prolata
1201 3382 1260 3441 vix
1294 3376 1360 3442 ulla
1386 3399 1442 3442 va·

351 3482 468 3545 rietate
492 3478 667 3559 oblectent,
693 3478 906 3542 metuendum
923 3500 1002 3542 sane
1018 3487 1076 3558 est,
1101 3499 1141 3540 ne
1158 3476 1256 3560 longa
1272 3498 1444 3540 enumera-

352 3582 441 3643 tione
454 3579 488 3642 id
506 3578 760 3657 committamus,
786 3586 822 3640 ut
837 3576 939 3640 lector
955 3575 1125 3640 molestam
1141 3577 1298 3660 temporis
1315 3596 1441 3639 moram

352 3679 479 3742 sentiat.
529 3675 590 3739 Oui
618 3675 825 3739 incommodo
859 3686 895 3739 ut
924 3675 1035 3760 aliqua
1071 3676 1197 3739 ratione
1220 3695 1444 3756 occurramus,

281 3848 283 3852 y
353 3779 557 3861 varietatem,
582 3797 647 3860 qua
663 3774 794 3839 decreta
809 3775 881 3860 ipsa
897 3783 1019 3856 carent,
1046 3773 1276 3859 quadantenus
1290 3770 1444 3858 supplere

443 4007 463 4075 ¹)
492 4005 520 4062 C.
546 4006 587 4059 Ad
612 4006 777 4060 conditorem
795 4005 820 4058 3.
840 4004 873 4059 de
891 4004 965 4062 verb.
984 4004 1078 4072 signif.
1102 4005 1217 4061 Extrav.
1245 4003 1342 4060 Joann.
1362 4003 1445 4056 XXII

352 4086 408 4156 (tit.
431 4087 474 4153 14)
489 4085 548 4154 jota
566 4087 603 4156 gl.
624 4103 649 4141 v.
677 4086 769 4153 potius
788 4101 868 4152 quam
887 4085 1021 4154 prodesse,
1041 4090 1070 4138 et
1089 4084 1117 4141 0.
1137 4085 1197 4138 Non
1215 4084 1295 4138 debet
1313 4085 1338 4140 8.
1358 4084 1391 4141 Χ.
1410 4083 1445 4138 de

352 4182 479 4236 consang.
500 4173 528 4222 et
547 4167 620 4222 affin.
642 4167 699 4233 (IV,
720 4167 772 4232 14).
865 4166 887 4235 ⁵¹]
916 4165 945 4219 0.
965 4164 1035 4232 Quia
1053 4165 1082 4219 in
1100 4164 1255 4219 futurorum
1273 4181 1318 4221 un.
1338 4165 1371 4218 de
1389 4174 1444 4218 tor-

352 4247 503 4302 neamentis
522 4249 552 4314 (t.
574 4251 608 4319 9),
628 4253 657 4303 et
676 4248 704 4303 O.
724 4246 794 4314 Quia
812 4263 1004 4314 nonnunquam
1026 4249 1051 4303 2.
1080 4247 1113 4300 de
1141 4246 1214 4302 verb.
1234 4247 1328 4315 signif.
1347 4248 1377 4318 (t.
1398 4247 1443 4316 14)

352 4329 575 4385 uxamasoann.
595 4329 684 4395 XXII,
706 4327 850 4394 utrobique
871 4329 899 4380 in
913 4327 1042 4396 harenge.
1126 4327 1147 4396 i)
1167 4326 1196 4384 0,
1215 4329 1295 4380 Alma
1312 4329 1444 4381 mater24

352 4409 385 4462 de
403 4417 472 4465 sent.
492 4425 591 4468 excom.
605 4408 634 4463 in
648 4411 672 4463 6.
741 4409 764 4479 4)
777 4408 806 4462 Ο.
816 4408 985 4462 Sententiam
1004 4406 1033 4466 (l.
1053 4409 1096 4475 35,
1115 4425 1140 4476 q.
1160 4411 1184 4464 9.
1271 4409 1293 4477 ⁶)
1312 4408 1339 4462 Ο.
1358 4409 1444 4475 Super

353 4507 383 4546 eo
393 4489 478 4547 51.X.
497 4490 529 4545 de
543 4496 611 4546 sent.
624 4504 722 4544 excom.
804 4489 824 4558 6)
845 4489 873 4544 Ο.
894 4490 932 4544 Ut
951 4489 1163 4544 constitueretur
1176 4489 1238 4545 diet.
1258 4489 1300 4545 50.
1317 4490 1384 4561 jota.
1403 4488 1443 4558 gl.

868 4595 923 4667 (26)
