3218 5446
363 563 397 600 ex
412 546 476 616 jure
494 563 548 602 non
567 547 657 602 clauso
676 547 850 621 depromptis,
869 564 915 605 nn.
934 549 1049 604 39-41.

157 736 366 802 studebimus
390 732 551 799 varietate
575 739 771 816 temporum,
795 730 954 812 locorum,
979 752 1194 815 personarum
1219 741 1252 796 et

158 836 386 900 materiarum:
408 853 447 897 ea
468 830 622 894 cautione
643 830 829 915 paritatem,
851 838 1013 915 quantum
1030 830 1100 894 fieri
1119 832 1248 916 poterit,

158 931 354 997 declinaturi
380 939 479 1016 atque
503 949 545 992 ex
569 949 608 991 ea
631 929 816 991 satietatem
841 949 880 992 ac
905 928 1062 996 taedium.

247 1031 300 1094 Ex
316 1030 422 1095 tribus
437 1024 577 1091 saeculis
597 1025 646 1103 16,
669 1025 720 1106 17,
736 1026 776 1088 18
793 1025 931 1088 totidem
950 1026 1103 1111 exempla
1127 1026 1248 1091 adscri-

158 1129 295 1194 bamus:
321 1151 363 1192 ox
387 1125 526 1211 singulis
550 1123 691 1188 saeculis
716 1124 847 1209 singula
877 1125 1010 1189 decreta
1043 1124 1205 1192 selecturi.

248 1229 300 1292 Ex
324 1225 455 1291 saeculo
485 1223 549 1288 hoc
579 1231 690 1288 nostro
722 1231 833 1287 autem
864 1232 1006 1308 quatuor
1038 1223 1251 1290 notabiliores

160 1348 258 1391 casus
283 1323 552 1404 memorabimus,
578 1323 611 1386 in
636 1323 758 1408 quibus
782 1321 888 1386 Sedes
903 1320 1096 1408 Apostolica
1111 1345 1169 1408 pro
1186 1345 1251 1386 oer-
1298 1360 1301 1368 ·

156 1425 199 1488 tis
222 1447 261 1488 ac
285 1421 510 1509 peculiaribus
533 1421 685 1505 negotiis,
711 1421 744 1483 iu
769 1429 911 1505 quatuor
935 1422 1064 1504 maguis
1089 1423 1251 1485 societati-

158 1521 221 1586 bus
245 1521 402 1586 civilibus
428 1541 503 1584 cum
529 1517 726 1583 difficultate
750 1517 884 1596 obortis,
910 1517 1042 1583 decreta
1057 1518 1252 1584 tolerantiae

157 1619 278 1701 edidit3
312 1621 485 1684 societates
509 1615 624 1680 civiles
650 1617 792 1680 dicimus
816 1616 850 1681 in
868 1615 1194 1701 Austro-Hungaria,
1215 1620 1249 1682 in

157 1717 264 1800 Italia,
290 1718 338 1782 in*
349 1716 468 1782 Galliis
492 1726 592 1802 atque
626 1716 661 1780 in
691 1715 870 1780 foederatis
901 1714 1078 1779 Americao
1108 1715 1251 1781 borealis

157 1816 307 1884 statibus.

246 1914 357 2000 Atque
381 1912 574 1977 authentica
605 1910 688 1975 haec
720 1910 862 1976 Sanctae
886 1909 983 1976 Sedis
1012 1921 1087 1976 acta
1118 1913 1251 1977 eviden-

157 2021 222 2077 tem
246 2035 286 2077 ac
301 2011 368 2077 sole
384 2011 554 2076 clariorem
569 2010 694 2074 facient
709 2010 952 2096 probationem,
969 2011 1040 2096 ejus
1055 2012 1090 2076 in
1111 2011 1250 2076 edendis

155 2111 349 2176 tolerantiae
373 2109 514 2174 decretis
533 2108 667 2194 plenam
691 2110 883 2194 sapientiae,
908 2109 1115 2194 prudentiae,
1140 2111 1251 2196 aequi·

156 2211 233 2272 tatis
255 2209 417 2273 rationem
443 2229 573 2293 semper
604 2207 716 2286 fuisse,
750 2207 915 2293 hodieque
938 2229 1009 2271 esse
1041 2207 1101 2272 sub
1133 2208 1250 2293 glorio·

157 2307 285 2371 sissimo
311 2306 511 2370 Pontificatu
535 2305 659 2370 Leonis
683 2306 780 2390 XIII,
809 2306 903 2390 cujus
927 2306 1102 2391 pastoralis
1132 2306 1250 2372 sollici-

155 2403 247 2488 tudo,
272 2406 387 2487 virtus,
413 2406 576 2491 sapientia
601 2427 635 2468 se
664 2406 699 2469 in
723 2405 882 2485 omnium,
915 2405 1015 2469 etiam
1038 2407 1251 2470 remotissimi

156 2502 303 2568 Orientis
335 2513 367 2567 et
397 2502 600 2584 Occidentis,
642 2502 838 2588 populorum
872 2503 1058 2586 utilitatem,
1091 2513 1127 2568 ut
1157 2505 1251 2586 ,anti-

155 2623 296 2688 quorum
321 2600 544 2666 declaratione
569 2624 608 2666 ac
631 2622 794 2666 novorum
820 2600 965 2665 editione
983 2601 1132 2687 jurium‘,
1158 2603 1203 2666 ita
1220 2611 1252 2665 et

158 2701 301 2765 discreta
325 2699 529 2785 indulgentis
554 2699 748 2764 tolerantiae
778 2701 1047 2785 pronuntiatione
1079 2701 1253 2787 insigniter

157 2797 339 2884 effunditl).

365 3103 522 3166 Exempla
541 3117 581 3154 ex
599 3103 705 3154 tribus
723 3105 861 3155 saeculis
878 3107 921 3168 16,
940 3106 981 3168 l'I,
1000 3107 1043 3158 18.

267 3279 493 3346 Jubilationes
517 3281 588 3344 sine
612 3278 740 3344 indulto
766 3281 946 3366 apostolico
972 3282 1137 3349 obtentae.

244 3441 298 3508 41.
323 3439 556 3521 dubilationes,
583 3462 668 3524 quae
695 3443 866 3508 canonicIs
890 3452 924 3507 et
946 3442 1153 3508 beneficiatis
1177 3456 1252 3531 post

156 3540 328 3603 servitium
351 3539 573 3624 quadraginta
590 3561 752 3602 annorum
768 3544 978 3607 vacationem
994 3544 1039 3607 ita
1053 3543 1250 3627 concedunt,

156 3646 192 3701 ut
205 3637 435 3720 ‚nihilomiuus
448 3637 575 3701 fructus
591 3659 705 3701 omnes
720 3647 752 3702 et
769 3638 1021 3706 distributiones
1038 3643 1251 3728 quotidianas

246 3860 268 3932 1)
288 3861 345 3915 Has
364 3861 486 3928 aliasque
504 3875 619 3930 magnas
638 3861 845 3929 praeclarasque
872 3863 901 3917 in
920 3864 993 3918 omni
1011 3878 1112 3933 genere
1132 3865 1250 3922 virtutes

154 3941 252 4010 optimi
269 3940 517 4010 sapientissimique
535 3939 679 4008 pontificis,
699 3956 767 4009 quas
786 3944 863 3997 nulla
882 3960 1001 4012 unquam
1026 3944 1182 4000 obscurabit
1207 3947 1251 4001 cb·

154 4020 229 4087 livio,
247 4035 297 4089 per
309 4021 474 4075 occasionem
494 4021 653 4090 episcopalis
679 4023 737 4090 ejus
753 4023 875 4092 jubilaei,
904 4025 1037 4094 graviter,
1061 4026 1153 4092 solide,
1168 4028 1251 4097 digne

155 4105 239 4168 atque
258 4101 292 4155 ad
310 4105 417 4169 tempus
436 4103 633 4156 accommodate
661 4103 805 4170 exequitur
830 4105 882 4162 Dr.
909 4106 942 4166 Η,
962 4106 988 4162 .Ι.
1008 4107 1176 4175 Schmin,
1204 4125 1251 4176 pa·

154 4181 250 4237 rochus
288 4180 433 4250 primarius
467 4181 647 4235 orsfsldensis
674 4182 830 4239 infestive
858 4186 995 4241 oratione:
1032 4189 1100 4254 ,Leo
1119 4189 1206 4244 XIII
1220 4192 1250 4243 iu

154 4279 271 4316 ourserer
289 4263 352 4315 Zeti
375 4278 429 4316 coa
450 4261 547 4315 Gottes
571 4263 731 4335 Vorsebuap
751 4265 800 4318 der
819 4266 923 4320 Kirche
942 4284 1004 4322 sum
1024 4271 1105 4324 Helle
1123 4273 1183 4326 aad
1202 4273 1252 4326 der

158 4344 231 4398 Wett
259 4360 310 4397 aar
337 4343 464 4414 Rettwnp
491 4345 617 4415 pepebea.
656 4345 772 4418 Prodici
796 4363 859 4401 ruas
884 4350 1077 4419 bischdsticbeu
1105 4353 1251 4424 Juoettape

155 4423 229 4477 Leos
243 4423 342 4480 XIII‘.

378 4494 470 4562 ,Quem
488 4495 583 4550 rideas
602 4513 650 4564 per
669 4502 703 4563 te,
722 4499 747 4552 si
766 4497 818 4552 tibi
836 4501 914 4554 corde
933 4501 1027 4561 sedet‘

675 4606 730 4680 (27)
