3218 5446
372 533 405 571 ex
420 517 484 587 jure
501 516 677 573 decretalium
695 516 849 586 patefactis,
868 533 913 574 nn.
927 517 1041 572 34-36.

157 628 397 638 Μ--ῌ-

155 707 303 784 possunt.
326 699 415 762 Prae
438 697 593 763 omnibus
616 719 694 762 vero
720 699 856 784 propius
880 696 947 762 huc
961 698 1130 783 pertinent
1146 696 1248 761 binae

154 795 269 861 literae
294 795 474 863 decretales
498 795 685 864 Innocentii
717 795 784 862 PP.
810 795 882 867 III..
917 818 1002 881 quae
1035 797 1070 860 in
1096 793 1250 880 compila-

156 896 245 958 tione
269 892 421 979 Gregorii
445 894 513 959 PP.
537 894 597 960 IX.
622 893 824 958 exhibentur
846 892 904 960 lib.
920 895 951 976 3,
976 895 1063 959 ties
1087 893 1141 976 ,de
1158 914 1249 980 prae-

156 992 274 1058 bendis
298 1001 331 1056 et
354 991 593 1077 dignitatibus‘.
640 989 707 1070 Eas
731 991 817 1056 solas
841 993 875 1057 in
898 1015 969 1056 rem
1002 999 1148 1056 nostram
1174 1013 1249 1084 eon·

156 1093 305 1171 vertisse,
331 1093 410 1156 satis
434 1089 606 1159 habemus.

360 1377 398 1445 O.
421 1379 499 1443 Jam
524 1378 652 1442 dudum
679 1377 729 1442 18.
755 1377 798 1443 X.
823 1376 864 1440 de
888 1374 1048 1462 prabend.

243 1575 297 1642 35.
321 1577 449 1640 Textus
464 1583 513 1638 est
529 1573 696 1654 classicus,
721 1573 820 1659 quod,
846 1581 981 1637 notante
1002 1573 1248 1655 Panormitam,

155 1675 189 1738 in
214 1673 278 1737 hac
309 1673 456 1752 materia,
490 1672 640 1758 quotidie
673 1671 834 1757 allegetur
869 1671 1075 1757 proindeque
1107 1671 1250 1735 fideliter

153 1771 208 1854 ,sit
219 1781 328 1836 mente
342 1770 555 1853 tenendus‘1).
579 1770 629 1835 Eo
645 1772 747 1855 igitur
765 1773 873 1856 capite
889 1771 1106 1835 Innocentius
1121 1769 1249 1839 PP.III
1363 1847 1369 1856 ι

154 1870 243 1934 circa
273 1871 411 1934 vetitam
444 1863 680 1934 beneficiorum
713 1868 961 1933 multitudinem
995 1869 1038 1933 ad
1063 1877 1246 1932 extremum

154 1967 237 2031 haee
261 1967 389 2032 scribit:
413 1966 531 2046 ,Multa
552 1991 612 2053 per
619 1969 816 2055 patientiam
832 1967 1019 2049 tolerantur,
1045 1989 1131 2054 quae
1151 1969 1177 2032 si
1196 1967 1248 2031 de·-

154 2064 255 2130 ducta
278 2064 404 2130 fuerint
427 2068 461 2130 in
482 2066 659 2153 judicium,
685 2069 839 2152 exigente
862 2067 995 2154 justitia
1020 2088 1086 2131 non
1105 2066 1249 2131 debeant

154 2163 309 2230 tolerari‘.

244 2261 339 2343 Quae
362 2284 438 2327 eum
463 2264 497 2327 in
521 2271 649 2327 textum
668 2264 756 2349 juris
779 2265 877 2349 periti
902 2263 1054 2349 pluribus
1071 2271 1147 2328 sunt
1163 2284 1248 2327 com·

153 2360 331 2443 mentatii),
357 2383 396 2424 ea
420 2361 514 2425 brevi
540 2363 575 2425 in
599 2371 780 2448 conspectu
814 2364 908 2448 ponit
936 2365 1072 2447 Prosp.
1098 2362 1248 2445 Fagna-

153 2481 241 2534 nus,
270 2456 476 2527 Commenter.
503 2462 536 2525 in
563 2462 672 2547 ipsum
698 2460 760 2525 hoc
785 2471 897 2547 caput,
930 2484 984 2526 nn.
1012 2461 1152 2524 11-12.
1193 2459 1248 2522 Ex

152 2558 193 2621 iis
217 2580 325 2644 pauca
348 2580 407 2644 pro
432 2561 575 2624 instituti
600 2561 703 2624 nostri
726 2561 856 2624 ratione
880 2561 1006 2645 accipe.

241 2655 377 2738 ,Ultimo
402 2669 480 2723 nota
504 2681 547 2723 ex
570 2658 636 2724 fine
660 2657 785 2740 literae,
818 2680 860 2721 ex
893 2657 1038 2743 simplici
1071 2655 1247 2720 tolerantia

151 2752 263 2840 Papae
288 2777 353 2820 non
378 2755 493 2820 induci
517 2759 651 2822 tacitam
682 2757 965 2842 dispensationem
999 2757 1035 2819 in
1066 2754 1128 2834 his,
1161 2775 1247 2839 quae

153 2863 230 2917 sunt
254 2866 368 2918 contra
387 2855 458 2940 jus3
491 2858 570 2942 quia
603 2855 707 2920 multa
740 2877 800 2941 per
831 2855 1028 2940 patientiam
1052 2852 1245 2935 tolerantur,

153 2974 249 3038 quae,
274 2953 301 3015 si
315 2951 459 3018 deducta
472 2955 597 3019 fuerint
611 2955 646 3018 in
655 2953 834 3040 judicium,
860 2955 1015 3038 exigente
1023 2952 1155 3040 justitia
1170 2951 1247 3018 tole-

150 3051 218 3113 rari
242 3071 309 3113 non
334 3050 470 3116 debent:
503 3063 540 3116 ut
563 3052 619 3116 hic
642 3055 677 3118 in
701 3062 806 3134 textu,
841 3054 899 3139 qui
933 3052 1081 3138 quotidie
1114 3049 1247 3115 adhoc

152 3148 328 3212 consuevit
352 3148 487 3234 allegari
512 3162 545 3215 et
568 3152 702 3216 firmant
725 3151 849 3236 gloss..
889 3151 1008 3231 Quoad
1040 3152 1151 3236 ipsum
1177 3149 1245 3234 plu·

152 3245 255 3310 ralem
280 3245 389 3332 (plura
413 3247 577 3315 beneficia
602 3251 841 3336 possidentem)
867 3251 1028 3336 patientia
1043 3249 1155 3334 Papae
1179 3269 1245 3312 non

152 3354 316 3429 operatur,
342 3355 378 3410 ut
400 3369 460 3432 per
484 3347 546 3412 hoe
565 3350 655 3435 juste
679 3358 805 3432 teneat;
829 3349 873 3414 ad
897 3348 961 3413 hoc
986 3351 1074 3414 enim
1099 3368 1166 3411 non
1182 3347 1245 3410 suf·

152 3442 222 3506 ficit
244 3442 313 3507 sola
337 3448 507 3530 patientia,
533 3448 590 3512 sed
616 3449 762 3533 exigitur
787 3447 989 3532 dispensatio
1015 3468 1185 3531 expressa,
1216 3455 1247 3508 et

150 3542 186 3605 in
208 3542 265 3604 hoc
287 3566 364 3607 caea
387 3542 526 3630 loquitur·
548 3548 597 3611 tie
622 3557 735 3611 teactae.
761 3546 827 3612 Sed
852 3558 1013 3632 quantum
1029 3546 1072 3610 ad
1085 3544 1244 3626 subditos,

152 3649 189 3706 ut
212 3642 276 3726 ipsi
295 3642 386 3727 juste
410 3643 452 3707 ab
478 3643 594 3708 eodem
626 3644 746 3731 plurali
771 3655 979 3711 sacramenta
1008 3646 1173 3730 recipiant
1203 3667 1245 3707 ex

151 3740 328 3805 tolerantia
351 3742 475 3828 Papae,
507 3743 591 3807 bene
616 3742 786 3810 inducitur
808 3745 911 3808 tacita
944 3744 1155 3830 dispensatio,
1187 3765 1245 3806 seu

152 3840 325 3923 permissio
351 3843 583 3923 (concessiva),
609 3843 687 3928 quia
711 3851 830 3928 putant
855 3864 931 3906 eum
950 3843 1041 3928 juste
1066 3851 1188 3924 tenere,
1213 3851 1246 3905 et

153 3937 201 3999 sic
225 3938 259 4000 in
284 3938 332 4002 eis
356 3960 422 4005 non
448 3939 560 4003 deficit
583 3939 686 4007 fides‘.

244 4223 265 4295 ¹)
285 4224 465 4278 Oornmeutar.
490 4224 525 4277 ad
549 4224 704 4290 h.1.n.5‚
732 4224 779 4278 ubi
797 4225 925 4280 lectorem
955 4226 1039 4278 etiam
1066 4224 1186 4280 remittit
1210 4223 1244 4278 ad

150 4305 296 4376 ,pulchram
327 4305 453 4374 glossam‘
479 4321 501 4359 c.
527 4307 552 4360 4.
577 4305 624 4362 fin.
652 4305 714 4360 dist.
741 4305 766 4370 3,
798 4321 878 4372 quam
900 4320 983 4372 supra
1008 4305 1128 4359 dedimus
1154 4321 1179 4359 n.
1199 4306 1243 4358 21.

151 4386 173 4455 ²)
192 4387 360 4454 Interpretes
378 4384 459 4454 hujus
476 4385 556 4440 incisi
575 4385 676 4440 videsis
707 4401 806 4454 magno
831 4400 943 4440 numero
968 4389 1112 4454 congestos
1132 4401 1148 4437 a
1165 4385 1243 4438 Bar-

150 4467 248 4533 bosa,
271 4467 419 4524 Collectcrt.
440 4467 512 4521 doct.
538 4465 572 4521 ad
597 4465 622 4522 h.
636 4466 654 4522 l.
674 4473 732 4520 ete
751 4465 944 4531 Gonaalez,
964 4467 1112 4524 t'omment.
1139 4465 1212 4519 adh.
1225 4465 1243 4523 l.

667 4572 723 4643 (23)
