3218 5446
661 589 696 646 u
715 591 756 644 De
773 587 925 644 rationibus
944 587 1046 642 decreti
1064 587 1237 640 tolerantiae.

491 772 610 853 Quoad
634 771 738 850 illum,
764 773 820 856 qui
838 794 907 835 rem
923 769 996 854 lege
1009 771 1147 834 vetitam
1160 791 1258 854 agere
1279 769 1505 854 permittitur,

401 873 538 936 effectus
562 873 597 934 in
622 870 752 935 dnobus
776 871 936 950 consistit,
969 869 1128 934 nimirum
1162 869 1197 933 in
1218 867 1392 953 facultate,
1428 889 1505 931 non

400 991 480 1034 vero
504 971 539 1034 in
563 971 768 1048 necessitate,
792 967 930 1033 licentia
953 989 1012 1052 per
1025 967 1194 1032 decretum
1209 965 1404 1030 tolerantiae
1420 987 1503 1050 per-

401 1069 502 1132 missa
525 1067 651 1149 utendi,
676 1077 708 1131 et
732 1069 767 1131 in
791 1065 930 1152 lepitimo
953 1065 1108 1130 licentiae
1132 1088 1204 1147 usu,
1228 1063 1261 1130 h.
1284 1087 1323 1145 e.,
1348 1065 1383 1127 in
1409 1065 1503 1150 ejus-

402 1166 490 1231 modi
514 1188 586 1247 ueu,
619 1168 676 1253 qui
709 1165 752 1230 ad
785 1165 950 1250 legitimas
973 1167 1256 1251 interpretationis
1288 1164 1420 1249 regulas
1450 1167 1502 1228 sit

401 1265 577 1346 exactus¹).

490 1362 653 1447 Respeetu
678 1360 791 1426 habito
815 1360 955 1426 aliorum
972 1359 1015 1426 ab
1029 1382 1077 1444 eo,
1103 1363 1155 1424 cui
1170 1362 1380 1446 permittitur,
1397 1361 1500 1426 effec-

400 1468 453 1523 tus
469 1459 593 1524 decreti
617 1460 812 1525 tolerantiae
828 1462 856 1523 is
867 1469 925 1542 est,
951 1471 988 1524 ut
1010 1459 1113 1524 iidem
1126 1458 1325 1543 obligentur,
1342 1482 1384 1523 ne
1403 1481 1500 1540 eum,

400 1559 458 1644 qui
483 1557 651 1622 decretum
676 1557 831 1640 obtinuit,
863 1561 897 1622 in
928 1557 1100 1643 ,legitimo‘
1131 1580 1193 1622 usu
1224 1557 1380 1622 licentiae
1412 1581 1500 1622 suae

400 1655 536 1719 turbent
559 1656 611 1720 vel
636 1655 840 1742 impediant:
872 1656 972 1720 simili
998 1655 1096 1720 modo
1120 1655 1248 1720 scilicet
1271 1678 1312 1720 ac
1335 1658 1501 1740 negativa

400 1752 603 1837 obligatione
626 1753 856 1839 prohibentur,
881 1776 923 1818 ne
947 1753 1157 1839 privilegiato
1189 1756 1223 1818 in
1246 1753 1406 1837 legitimo¹
1429 1757 1499 1841 pri-

400 1851 515 1937 vilegii
539 1874 601 1916 usu
626 1853 904 1938 impedimentum
929 1853 1094 1939 ponant²).

490 2047 716 2136 Syaonymt‘cm
740 2049 828 2135 quod
853 2057 990 2134 spectat,
1016 2048 1058 2114 de
1081 2048 1151 2112 solo
1175 2049 1310 2113 nomine
1333 2048 1500 2129 ,lieentia‘

399 2145 527 2231 aliquid
552 2156 601 2210 eet
624 2149 968 2229 animadvertendum,
993 2149 1151 2235 quoniam
1175 2151 1339 2212 recentior
1354 2150 1498 2236 quidam

400 2256 516 2308 auctor
547 2246 636 2309 istud
661 2245 863 2310 vocabulum
896 2268 1106 2311 communem
1141 2269 1216 2311 cum
1252 2246 1383 2324 decreto
1415 2249 1499 2313 tole-

398 2344 528 2408 rantiae
575 2344 854 2427 significationem
901 2345 1025 2409 habere
1070 2345 1195 2410 scribit.
1252 2345 1497 2412 Verumtamen

399 2451 524 2505 asserta
549 2441 631 2506 haec
656 2445 858 2528 synonymia
882 2442 1078 2528 simpliciter
1110 2443 1241 2507 admitti
1273 2465 1340 2508 non
1374 2456 1498 2530 potest,

398 2539 477 2603 licet
499 2539 617 2604 ambae
641 2561 740 2606 voces
765 2543 799 2604 in
824 2563 890 2605 una
913 2541 1060 2627 generali
1085 2551 1246 2628 potestate
1267 2542 1497 2627 significandi,

399 2638 432 2706 h.
457 2661 485 2703 e.
510 2641 544 2702 iu
569 2661 666 2704 sensu
690 2641 951 2726 ,permissionis‘,
976 2639 1078 2703 ferme
1103 2642 1315 2705 conveniant.

488 2738 541 2801 De
564 2739 698 2823 propria
729 2735 935 2822 singulorum
965 2740 1183 2802 terminorum
1220 2741 1498 2825 interpretatione

399 2837 501 2920 igitur
524 2849 631 2920 pauca
655 2835 738 2901 haec
762 2837 887 2922 accipe.

571 3033 625 3095 De
650 3031 785 3096 licentia
808 3054 885 3096 cum
908 3032 1084 3098 tolerantia
1108 3043 1307 3120 comparata.

488 3211 540 3275 31.
576 3210 791 3274 Permissioni
829 3209 987 3292 ,licentia‘
1029 3213 1220 3296 respoudet;
1258 3213 1292 3277 in
1326 3220 1497 3298 praesenti

398 3310 486 3372 enim
503 3318 698 3392 argumento
722 3309 857 3373 licentia
873 3301 945 3394 ipsa
970 3319 1018 3373 eet
1040 3309 1181 3375 facultas
1206 3311 1240 3375 id
1254 3313 1387 3395 agendi,
1403 3315 1497 3398 quod

399 3405 469 3470 fieri
500 3408 717 3492 permittitur3
752 3417 784 3470 et
814 3406 955 3470 verbum
986 3407 1084 3489 ,licet‘
1109 3410 1305 3473 tantundem
1331 3409 1419 3474 valet
1453 3436 1497 3478 ac

396 3504 458 3586 ,las
482 3509 542 3568 est‘
566 3506 738 3590 quippiam
775 3505 894 3584 facere,
927 3505 1017 3569 nullo
1042 3497 1255 3590 impediente.
1303 3508 1387 3573 Inde
1412 3531 1496 3576 vero

396 3600 550 3685 ,licitum‘
574 3605 716 3666 sumitur
733 3624 791 3688 pro
806 3606 897 3667 omni
914 3626 963 3684 eo,
988 3605 1076 3689 quod
1094 3627 1153 3689 per
1168 3628 1385 3694 quascunque
1402 3608 1496 3693 leges

399 3699 648 3764 voluntatemve
673 3701 844 3766 hominum
871 3702 941 3765 fieri
966 3711 1081 3786 potest.

488 3797 779 3877 Quemadmodum
803 3795 913 3863 autem
938 3801 1059 3886 triplex
1093 3811 1141 3865 est
1171 3806 1397 3888 permissionis
1421 3829 1496 3892 spe-

397 3897 472 3974 cies,
508 3897 553 3958 ita
589 3906 621 3959 et
653 3898 818 3980 tripartita
851 3897 995 3975 licentia,
1032 3899 1155 3985 triplici
1196 3905 1404 3985 permissioni
1443 3927 1495 3968 re-

396 3994 573 4079 spondens,
599 3996 633 4058 in
654 3995 730 4079 jure
755 3995 1016 4080 distinguitur⁵);
1049 3999 1136 4082 prior
1160 3997 1295 4065 licentia
1318 4001 1494 4087 ,approba-

406 4231 408 4238 s
485 4209 507 4277 ¹)
526 4208 566 4262 De
591 4207 757 4262 authenticis
776 4209 879 4277 regulis
907 4210 937 4264 in
955 4211 1184 4278 interpretat-ione
1209 4212 1352 4268 decretalis
1372 4213 1492 4269 toleran-

395 4287 452 4342 tiae
470 4288 628 4342 adhibendis
648 4295 747 4356 agetur
766 4289 838 4342 infra
857 4307 901 4344 nn,
921 4292 1036 4348 63-69,
1111 4293 1135 4361 ²)
1157 4294 1196 4348 De
1215 4294 1392 4348 similitudine
1416 4295 1494 4350 inter

395 4368 570 4422 tolerantiam
590 4374 618 4422 et
637 4369 813 4438 privilegium
831 4370 910 4438 plura
929 4371 1047 4425 dicemus
1066 4389 1091 4430 n.
1106 4375 1157 4428 71..
1226 4376 1246 4444 1)
1265 4374 1383 4430 Ratione
1396 4375 1497 4431 habita

395 4449 566 4504 necessitatis
583 4449 711 4504 licentiae
729 4452 869 4518 petendae,
889 4453 970 4506 aliam
989 4452 1117 4519 licentiae
1136 4454 1296 4509 divisionem
1316 4471 1350 4509 ex
1359 4455 1421 4523 jure
1434 4462 1493 4510 sta·

395 4527 496 4582 biliunt
514 4529 579 4582 Icti:
600 4530 822 4595 quemadmodum
840 4532 961 4599 pluribus
981 4539 1119 4587 ostensum
1138 4551 1154 4588 a
1173 4535 1250 4589 nobis
1276 4543 1318 4589 est
1343 4536 1373 4589 in
1398 4537 1492 4605 dispuss

914 4641 969 4709 (20)
