3218 5446
281 614 347 682 EJus
366 611 514 682 objectum:
533 609 606 664 mala
621 624 686 663 vcra
703 608 762 662 sive
780 605 915 675 putativa,
935 620 981 659 nn.
1003 601 1114 658 14-16.

238 797 288 862 16.
314 797 367 859 De
391 792 493 858 altera
517 790 678 856 malorum
703 789 814 875 specie
838 786 927 851 idem
951 785 1055 850 ferme
1071 782 1240 871 judicium

147 917 219 960 esse
244 893 352 958 debet.
464 954 475 961 ..

236 991 270 1056 Si
291 993 363 1078 jam
387 988 690 1075 ,dispensationem
720 993 834 1072 utpote
858 982 1101 1048 exorbitantem
1125 1003 1144 1045 a
1152 980 1239 1065 jure,

147 1099 276 1180 oportet
307 1089 399 1154 velut
431 1087 574 1150 odiosam
603 1084 809 1170 restringi‘1),
844 1082 946 1148 multo
980 1081 1088 1167 majus
1126 1078 1240 1144 odium

147 1191 327 1267 continent,
351 1209 437 1274 quae
456 1186 527 1249 sine
541 1184 690 1269 legitima
716 1183 963 1268 dispensatione
995 1190 1110 1244 contra
1133 1178 1240 1261 legem

147 1289 234 1354 facta
247 1289 395 1373 superior
411 1307 453 1349 ex
465 1284 565 1369 justis
574 1281 760 1346 rationibus
774 1303 835 1368 per
845 1280 1053 1345 tolerantiam
1066 1277 1241 1342 admittere

147 1389 283 1471 cogitur.
304 1386 344 1450 Id
360 1391 471 1449 autem
485 1403 551 1446 non
566 1403 640 1445 raro
656 1379 864 1465 contingere*¹
873 1379 1018 1466 supremi
1039 1376 1241 1462 legislatores

147 1485 244 1550 nobis
268 1507 310 1548 ex
335 1486 407 1570 ipsa
430 1501 540 1545 rerum
565 1488 684 1545 natura
703 1478 891 1544 ostendunt.

234 1582 416 1666 ,Quoniam
439 1577 530 1642 nulla
556 1579 641 1664 juris
674 1579 810 1660 sanctio,
846 1574 949 1640 verba
989 1583 1066 1638 sunt
1096 1574 1236 1638 Joannis

147 1681 211 1748 ΡΡ,
225 1680 340 1763 XXII,
366 1685 662 1766 quantumcunque
686 1697 848 1767 perpenso
881 1675 1010 1760 digesta
1034 1673 1181 1756 consilio,
1198 1671 1240 1736 ad

147 1779 315 1843 humanae
347 1787 485 1843 naturae
516 1777 711 1840 varietatem
743 1783 775 1838 et
806 1773 1070 1838 machinationes
1099 1772 1170 1858 ejus
1193 1772 1241 1835 in-

148 1876 334 1964 opinabiles
358 1875 494 1956 sufficit,
529 1883 561 1938 et
589 1875 648 1938 vix
672 1872 800 1960 aliquid
834 1871 917 1937 adeo
942 1880 1069 1936 certum
1103 1870 1240 1935 clarum·

148 1997 213 2063 quc
244 1977 411 2058 statuitur,
436 1959 517 2061 (juin
536 1995 579 2036 ex
596 1973 704 2036 causis
728 1970 974 2056 emergentibus
1010 1969 1145 2055 (quibus
1164 1969 1242 2054 jura

142 2075 214 2160 jam
248 2075 356 2159 posita
381 2071 506 2136 mederi
530 2093 596 2136 non
622 2072 761 2157 possint)
785 2071 819 2134 in
848 2068 988 2135 dubium
1012 2067 1240 2151 revocetur‘²):

147 2171 272 2236 idcirco
316 2173 351 2235 in
385 2173 482 2256 praxi
519 2183 765 2256 nonnunquam¹
782 2191 802 2232 a
820 2169 908 2255 juris
943 2170 1051 2253 rigore
1081 2169 1243 2252 tantisper

147 2269 259 2334 recedi
290 2269 461 2334 tolerando
486 2271 697 2355 permittitur,
730 2269 811 2355 quin
832 2271 888 2354 jus
922 2269 1031 2355 ipsum
1065 2266 1183 2331 eodem
1207 2267 1241 2330 in

148 2390 227 2432 casu
259 2390 318 2454 per
341 2368 624 2455 dispensationem
648 2367 825 2435 relaxetur.
879 2384 880 2388 ’

237 2466 332 2548 Quae
364 2467 479 2532 eadem
506 2469 593 2555 juris
621 2469 790 2554 principia
820 2467 920 2531 etiam
949 2464 1006 2532 SS.
1041 2467 1083 2532 D.
1106 2465 1148 2550 N.
1173 2463 1241 2529 Leo

147 2565 212 2630 ΡΡ,
236 2566 339 2634 XIII.
364 2571 475 2653 (quem
500 2568 542 2632 D.
569 2565 607 2632 Ο,
631 2565 674 2631 Μ.
709 2564 766 2629 diu
791 2564 920 2629 salvum
946 2573 1120 2629 conservet
1142 2572 1242 2650 atque

147 2663 378 2748 incolumcmll
400 2667 523 2730 eximio
535 2687 593 2729 suo
608 2665 765 2728 orationis
777 2665 883 2728 nitore
894 2663 1087 2749 planissime
1097 2661 1243 2748 explicat

148 2761 336 2849 celebrique
361 2786 480 2828 causae
505 2763 546 2828 de
570 2762 692 2827 scholis
707 2759 954 2848 parochialibus
971 2763 1004 2826 in
1022 2759 1162 2825 statibus
1179 2760 1241 2825 foe-

148 2860 271 2924 deratis
295 2861 471 2926 Americae
495 2860 637 2926 borealis
660 2861 861 2946 judicandae
886 2862 967 2925 scite
1001 2858 1242 2924 accommodat.

146 2960 313 3042 ,Decreta
330 2961 479 3046 inquiti),
504 2983 589 3047 quae
606 2969 841 3045 praemonente
854 2959 918 3023 hac
935 2960 1128 3046 Apostolica
1144 2958 1242 3038 Sede,

147 3058 182 3121 in
218 3058 354 3142 synodis
386 3057 678 3124 baltimorensibus
708 3081 807 3144 super
837 3056 958 3122 scholis
993 3055 1242 3144 parochialibus

148 3159 296 3237 conscita
320 3166 406 3239 sunt,
432 3166 621 3223 constanter
644 3159 769 3221 servari
788 3156 950 3221 volumus.
978 3155 1146 3237 Quoniam
1163 3177 1241 3219 vero

147 3253 210 3318 hoc
234 3257 363 3319 cunctis
387 3255 473 3319 inest
496 3255 626 3341 legibus
648 3254 871 3341 generalibus,
906 3263 949 3333 ut,
975 3256 1002 3319 si
1027 3254 1107 3341 quid
1132 3256 1242 3339 singu·

146 3353 214 3417 lare
231 3354 366 3417 eveniat
380 3375 442 3417 nec
456 3355 639 3440 opinatum,
664 3355 791 3419 factum
809 3353 941 3418 tolerari
959 3363 1067 3440 queat,
1083 3353 1243 3417 suadente

147 3450 324 3537 aequitate,
357 3450 447 3538 quod
478 3452 631 3517 nonnihil
666 3452 812 3518 averbo
843 3451 926 3536 legis
957 3451 1107 3516 recedat:
1146 3451 1243 3516 facile

147 3551 398 3635 comperiemus,
424 3572 536 3614 casum
549 3550 639 3615 hunc
656 3551 830 3634 incidisse3
856 3550 995 3636 proinde
1017 3550 1242 3616 moderatione

147 3671 186 3711 ac
211 3647 390 3733 prudentia
414 3648 499 3712 duce
522 3651 632 3735 potius
655 3672 755 3736 quam
780 3650 862 3736 legis
885 3651 993 3735 rigore
1016 3671 1096 3727 rem,
1122 3647 1163 3713 de
1177 3670 1243 3734 qua

146 3743 317 3830 agebatur,
341 3745 562 3830 judicandam
587 3770 657 3811 esse
681 3749 744 3811 rati
760 3751 893 3831 sumus‘,
919 3747 1007 3812 edito
1024 3747 1150 3811 scilicet
1166 3745 1242 3811 tole-

147 3845 274 3908 rantiae
299 3841 431 3908 decreto
456 3844 486 3910 d.
512 3846 565 3909 21.
590 3845 703 3931 aprilis
729 3846 824 3911 1892.

235 3939 319 4006 Inde
343 3963 423 4008 vero
447 3944 650 4028 intelligitur,
676 3943 840 4030 quomodo
866 3965 964 4029 saepe
989 3941 1101 4026 ,malta
1116 3967 1174 4030 per
1187 3967 1242 4030 pa·

146 4042 298 4105 tientiam
323 4036 502 4120 tolerantur,
533 4063 618 4128 quae
642 4043 668 4106 si
694 4041 838 4106 deducta
862 4043 987 4106 fuerint
1010 4044 1045 4106 in
1066 4042 1241 4127 judicium,

147 4141 302 4223 exigente
321 4137 453 4222 justitia
477 4162 543 4204 non
576 4138 719 4204 debeant
750 4140 941 4224 tolerari‘4):
981 4147 1067 4228 quae
1091 4143 1241 4227 proinde,

238 4311 258 4378 ¹)
279 4310 307 4366 O.
327 4310 354 4366 Is
373 4306 419 4376 qui
440 4308 463 4372 l,
482 4307 515 4361 de
533 4305 597 4360 filiis
616 4306 835 4376 presbyterorum
860 4309 889 4363 in
908 4310 948 4364 VI
968 4310 1000 4380 (Ι,
1021 4311 1074 4381 11),
1167 4309 1191 4381 ⁹)
1210 4311 1243 4364 In

145 4390 280 4460 Ρῐθθθῐῦὶθ
299 4388 458 4445 Clementin.
540 4387 560 4456 ³)
581 4387 667 4456 Epist.
688 4388 722 4442 ad
740 4389 879 4456 praesules
903 4390 1059 4457 provinciae
1085 4389 1244 4445 neo-ebora·

146 4467 568 4537 censisd.d.23.t1aj1189a
660 4469 682 4540 ⁴)
709 4469 736 4528 (l.
767 4470 854 4538 Quum
877 4471 936 4539 jam
962 4471 1062 4526 dudum
1089 4473 1131 4529 18.
1152 4471 1184 4525 X.
1211 4472 1244 4528 de

147 4550 294 4625 praebend.
315 4550 376 4616 (ΙΙΙ.
397 4552 432 4615 5).

668 4657 726 4732 aa
