3218 5446
401 566 566 622 tolerantiae
585 583 659 633 ‚sano
677 567 828 622 intellectu‘
848 567 984 623 adhibitis.

230 749 328 814 Unde
361 750 443 829 lieri,
478 771 543 813 non
568 756 674 834 posse‘
701 748 823 812 dicitur
852 757 885 812 et
909 748 953 829 id,
987 748 1076 834 quod
1107 750 1134 811 si
1165 748 1232 826 fiat,

140 872 182 913 ex
207 848 338 912 defectu
364 847 533 931 legitimae
557 846 724 910 facultatis
748 869 788 911 ac
814 847 935 909 virium
960 846 1147 911 invalidum
1181 848 1232 929 sit,

140 958 173 1012 et
194 948 239 1029 id,
265 946 455 1033 quodlicet
479 944 640 1028 validum,
665 954 775 1008 tamen
801 943 953 1008 illicitum
978 946 1021 1009 sit
1044 967 1087 1008 ex
1102 944 1233 1009 defectu

140 1046 364 1128 honestatis1).

230 1146 320 1209 Hinc
345 1144 551 1229 provisiones
575 1141 617 1206 ab
642 1143 807 1227 episcopis
831 1142 948 1224 factae,
973 1163 1070 1226 ‚quae
1095 1163 1114 1204 a
1137 1162 1234 1224 gene-

141 1243 202 1307 rali
227 1243 297 1326 lege
323 1242 516 1306 deflectunt‘
552 1251 650 1326 atque
680 1240 758 1304 inde
792 1241 925 1305 odiosae
958 1249 1044 1324 sunt,
1080 1248 1234 1325 respectu

140 1342 254 1406 habito
279 1340 462 1405 honestatis
487 1349 519 1402 et
543 1341 624 1403 recti
650 1341 820 1424 potestatis
845 1361 906 1402 usu
931 1340 1103 1402 verissime
1121 1337 1234 1402 dicun-

141 1449 195 1503 tur
217 1439 362 1525 ,probari
388 1463 407 1504 a
431 1438 516 1504 Sede
542 1436 735 1522 Apostolioa
760 1460 826 1502 non
851 1441 968 1522 posse‘,
994 1459 1097 1522 quum
1113 1445 1149 1500 ut
1164 1458 1234 1522 pro·

142 1538 272 1620 bantur,
297 1537 388 1602 nulla
412 1539 446 1600 in
471 1538 734 1622 praesentiarum
760 1535 873 1599 subest
890 1535 1097 1600 rationabilis
1123 1558 1231 1601 causa.

231 1637 281 1701 80.
306 1636 344 1701 Id
368 1645 479 1700 autem
502 1657 540 1699 eo
558 1637 663 1718 magis
677 1636 711 1698 in
730 1637 936 1720 provisiones
961 1636 1049 1699 circa
1067 1634 1235 1698 alienatio-

141 1757 217 1799 nem
235 1734 396 1798 bonorum
421 1755 461 1797 ac
479 1733 607 1818 jurium
632 1733 931 1798 ecclesiasticorum
957 1733 1056 1816 cadit,
1082 1735 1235 1819 quodec-

141 1832 283 1897 rundem
309 1833 516 1897 confirmatio
541 1833 737 1896 nominatim
750 1834 853 1896 vetita
871 1833 922 1915 sit,
939 1833 1001 1895 nisi
1019 1834 1163 1917 primum
1182 1834 1235 1915 ,de

141 1931 284 1996 utilitate
307 1931 455 2016 legitime
486 1932 697 1995 constiterit‘:
733 1931 1014 2017 quemadmodum
1047 1954 1088 1995 ex
1121 1933 1234 1997 multis

142 2030 282 2094 decretis
306 2052 473 2096 sacrarum
504 2033 798 2116 congregationum
839 2029 928 2116 apud
964 2030 1233 2115 Trombetta,

143 2131 283 2194 Praoeeos
321 2129 448 2215 repulse
485 2131 569 2192 circa
599 2139 776 2193 contractus
812 2151 916 2192 rerum
948 2128 1232 2194 ecclesiastieorum

141 2230 202 2292 rite
226 2229 402 2308 incitandoo‘,
428 2249 455 2292 c.
478 2226 509 2308 5,
535 2227 708 2291 evidenter
731 2227 910 2313 apparet2).

231 2327 306 2399 Jam
332 2347 411 2390 vero
437 2347 539 2410 quum
564 2328 789 2411 praescriptus
813 2328 874 2389 iste
909 2326 962 2402 ‚de
989 2325 1141 2390 utilitate‘
1165 2351 1236 2413 pro-

142 2447 253 2489 cessus
276 2427 412 2509 praevie
444 2445 511 2487 non
544 2423 661 2488 fuisset
692 2426 873 2505 institutus,
906 2424 1020 2487 Emus.
1048 2423 1235 2491 Cardinalis

140 2522 385 2587 Leddchovvski
410 2523 668 2587 conventionem
692 2523 821 2587 aRmo.
847 2525 935 2588 Dno.
961 2522 1093 2587 Ireland
1119 2525 1236 2589 initam

141 2620 216 2685 ideo
240 2623 341 2686 etiam
365 2622 576 2685 meritissime
593 2643 631 2684 ac
643 2620 720 2705 jure
738 2621 987 2705 provisionibus
1004 2623 1236 2707 episcoporum

141 2721 322 2801 accensuit,
356 2742 441 2805 quae
476 2720 611 2803 ‚directe
636 2719 769 2806 probari
794 2742 814 2783 a
838 2718 924 2784 Sede
956 2720 1150 2806 Apostolioa
1183 2745 1236 2786 ne·

141 2821 295 2903 queant‘:
328 2840 394 2883 non
428 2819 564 2904 quidem
598 2817 640 2882 ob
665 2821 838 2903 potestatis
862 2821 1053 2905 viriumque
1077 2823 1237 2907 inopiam,

142 2915 200 2980 sed
226 2938 303 2979 vero
343 2916 384 2981 ob
419 2916 585 2981 defectum
623 2917 782 3003 probatae
813 2941 945 3001 causae,
984 2941 1069 3006 quae
1100 2920 1134 2984 id
1168 2921 1238 2985 fieri

143 3013 290 3079 suadeat.

232 3194 283 3259 81.
310 3192 401 3272 Quin
418 3203 450 3257 et
464 3193 530 3257 alia
545 3195 628 3258 ratio
649 3193 749 3258 fuisse
771 3189 912 3278 videtur,
932 3218 991 3260 cur
1005 3197 1118 3262 Emus.
1136 3197 1233 3266 Oard.

143 3292 328 3376 praefectus
345 3314 370 3357 s.
388 3289 663 3377 Congregationis
687 3294 1235 3380 sapientissimeanimadverteret,

143 3390 306 3475 ejusmodi
333 3392 538 3476 provisiones
563 3393 792 3476 episcoporum
817 3415 849 3472 ,a
864 3392 1011 3476 generali
1036 3393 1107 3477 lege
1127 3394 1239 3482 aliqua

143 3511 186 3551 ex
210 3498 302 3574 parte
328 3489 540 3553 deflectentes
565 3488 697 3573 probari
716 3489 840 3553 directe
864 3513 884 3554 a
901 3490 931 3555 S.
948 3491 1033 3556 Sede
1048 3495 1239 3579 non'posse⁴

144 3586 260 3668 (verbo
298 3589 360 3650 rite
407 3590 577 3673 accepto);
616 3589 694 3672 quia
732 3591 765 3651 in
805 3611 883 3652 casu
915 3594 1081 3675 proposito
1121 3593 1240 3656 ambae

143 3685 218 3749 illae
254 3684 342 3769 leges
380 3685 562 3771 generales,
601 3708 620 3748 a
658 3687 781 3771 quibus
816 3689 962 3772 provisio
1006 3688 1092 3754 Rmi.
1135 3690 1239 3754 arohi-

146 3880 199 3917 non
218 3869 353 3932 putamur,
381 3862 543 3930 quaefacta
562 3862 674 3916 laedunt
693 3863 792 3917 bonum
815 3879 961 3935 commune,
980 3865 1119 3932 pietatem,
1146 3868 1240 3922 existi·

144 3945 299 4010 mationem,
319 3944 508 4000 verecundiam
533 3949 654 3998 nostram
682 3952 711 3999 et
737 3960 806 4011 quse
831 3950 926 4000 contra
948 3945 1031 4000 bonos
1059 3962 1145 4001 mores
1166 3954 1238 4007 sunt.

237 4027 254 4096 ¹)
273 4026 334 4079 Huc
352 4025 480 4093 pertinet,
500 4041 569 4092 quae
588 4025 718 4091 hodieque
737 4031 796 4079 toto
816 4026 879 4080 orbe
899 4027 1059 4086 celebratur,
1075 4030 1240 4095 gravissima

143 4105 284 4175 ἀπόφασις
311 4106 355 4160 Pii
387 4106 439 4162 ΡΡ.
467 4106 515 4162 ΙΧ.
553 4105 635 4171 ,ΝΟΝ
666 4106 864 4174 Possumus,
896 4123 978 4174 quum
1006 4108 1175 4174 postulatum
1205 4110 1239 4164 ab

143 4187 201 4253 ipso
237 4186 342 4250 fuisset,
373 4182 539 4256 quod'jme,
571 4187 641 4254 quod
660 4187 779 4253 honeste,
809 4188 880 4254 quod
910 4188 987 4242 salva
1012 4188 1150 4257 dignitate
1179 4208 1239 4246 con·

143 4265 236 4320 cedere
255 4280 284 4319 se
302 4281 379 4332 posse
396 4282 450 4319 non
461 4267 583 4324 eredidit.
660 4271 682 4338 ⁸)
702 4268 843 4336 Delegatis
856 4268 932 4322 Sedis
946 4271 1118 4336 spostolicae
1130 4272 1157 4325 id
1172 4289 1238 4327 com-

143 4345 266 4399 munitur
284 4344 436 4413 injunetum
455 4362 514 4400 esse
533 4346 658 4415 legimus,
675 4351 708 4401 ut
726 4353 891 4414 ,contractus
904 4348 1087 4416 alienationis,
1103 4356 1237 4418 quatenus

143 4441 188 4480 eos
207 4426 291 4480 fuisse
310 4431 339 4480 et
356 4441 414 4480 esse
432 4427 516 4482 utiles
529 4429 659 4483 ecclesiae
672 4430 873 4497 comperissent,
893 4430 1093 4497 confirmarent,
1112 4446 1188 4488 secus
1200 4448 1241 4487 re·

145 4511 290 4562 vocarent‘.
310 4507 529 4575 Trombetta,
548 4509 566 4565 l.
587 4526 608 4563 c.
628 4527 654 4566 n.
674 4513 699 4564 ⁶2.

661 4616 717 4686 (δῖ)
