3218 5446
697 735 724 802 Ι.

482 861 533 927 Be
556 862 688 927 natura
709 861 937 928 tolerantiae.

250 1005 283 1069 4.
316 1004 382 1086 Qui
406 1013 616 1090 praesentem
644 1003 732 1068 hauc
764 1005 938 1068 materiam
970 1001 1162 1086 diligentius
1187 1009 1257 1087 per·

161 1111 306 1168 tractant
343 1104 515 1188 utriusque
543 1102 629 1188 juris
660 1102 801 1188 periti¹),
825 1100 1036 1166 tolerantiam
1071 1102 1255 1186 generatim

162 1209 334 1287 acceptam
358 1222 486 1264 summo
512 1222 675 1264 consensu
699 1202 745 1264 ita
770 1198 973 1284 describunt,
1007 1207 1044 1262 ut
1072 1201 1115 1263 sit
1138 1197 1256 1281 ,indul-

161 1301 370 1385 gens'animi
394 1300 525 1363 affectio
550 1299 695 1386 indeque
710 1298 816 1363 fluens
837 1297 1016 1363 declaratio
1037 1299 1166 1380 mentis,
1191 1319 1257 1384 qua

162 1420 205 1462 ex
223 1397 323 1484 justis
347 1396 533 1462 rationibus
557 1399 721 1482 patienter
744 1419 784 1461 ea
806 1397 954 1480 ferimus,
981 1418 1065 1482 quae
1090 1395 1186 1460 nobis
1201 1395 1257 1460 ad·

161 1519 259 1561 versa
275 1519 333 1562 seu
351 1495 487 1561 molesta
503 1505 580 1560 sunt
596 1495 758 1582 nobisque
774 1518 842 1561 non
857 1495 1068 1580 probantur‘:
1093 1517 1178 1581 quae
1200 1494 1256 1558 ad-

162 1615 259 1660 versa
275 1595 403 1659 scilicet
426 1594 506 1658 dum
530 1593 707 1680 prohibere
731 1603 789 1658 aut
804 1593 972 1658 declinare
988 1591 1041 1656 vel
1059 1613 1124 1656 non
1142 1613 1252 1678 possu-

161 1715 235 1758 mus
259 1693 324 1758 vel.
343 1713 410 1757 non
442 1691 612 1775 debemus,
637 1701 772 1778 propter
802 1713 922 1777 graves
954 1713 1081 1773 causas,
1113 1711 1184 1755 non
1204 1711 1252 1754 re·

162 1791 317 1875 sistendo,
342 1792 559 1872 admittimus,
574 1793 789 1876 quantumvis
813 1789 891 1854 licet
912 1798 1023 1854 nostro
1036 1789 1165 1874 judicio
1182 1810 1254 1875 pro-

162 1890 235 1955 bari
259 1889 469 1976 nequeantl).

172 2023 176 2028 ·
251 1988 346 2070 Quae
371 1989 548 2074 descriptio
574 1998 610 2054 ut
633 1991 695 2053 rite
719 1988 931 2074 intelligatur,
956 2010 1064 2074 pauca
1079 1986 1163 2052 haec
1178 1995 1256 2052 sunt

161 2089 249 2153 circa
272 2089 453 2174 praecipua
477 2088 548 2174 ejus
572 2089 677 2152 incisa
701 2111 744 2152 ex
760 2088 877 2152 ordine
900 2085 1209 2153 animadvertenda.

249 2230 281 2296 5.
306 2231 477 2316 Indalpeaa
510 2232 611 2296 animi
623 2229 766 2318 ,affecto
798 2231 924 2296 atinde
939 2231 1047 2318 flacus
1078 2230 1254 2294 declaratio

161 2329 298 2411 meotis,
316 2351 401 2415 quae
432 2329 519 2394 hanc
543 2331 647 2394 animi
680 2331 890 2394 affectionem
915 2329 1052 2411 indicat,
1084 2329 1150 2393 duo
1182 2351 1255 2415 sup-

161 2429 270 2514 ponit:
295 2429 469 2493 soientiam
499 2437 532 2493 et
562 2428 785 2504 voluntatem
811 2429 985 2493 scientiam
1006 2428 1152 2516 quidem,
1178 2450 1254 2513 qua-

160 2535 257 2591 tenus
281 2548 329 2608 ea,
355 2549 440 2613 quae
469 2526 658 2609 toleramus,
684 2527 769 2592 bene
793 2529 1013 2612 agnoscimus,
1040 2525 1255 2610 intelligimus

160 2634 260 2711 atque
284 2634 362 2689 nota
386 2625 510 2690 habere
527 2626 735 2692 declaramus
759 2636 792 2691 et
815 2627 1023 2712 profitemur,
1050 2625 1254 2690 voluntatem

162 2745 250 2806 vero,
285 2722 365 2788 dum
397 2726 528 2789 animus
552 2748 601 2808 ea,
638 2748 724 2812 quae
748 2722 921 2789 toleranda
958 2733 1036 2789 sunt
1066 2724 1255 2808 intelligens

161 2819 366 2887 voluntatem
397 2823 606 2906 determinat,
631 2834 668 2889 ut
690 2826 856 2910 patienter
889 2824 975 2888 ferat
1007 2845 1055 2899 ea,
1093 2844 1178 2909 quae
1202 2821 1256 2886 vel

160 2943 226 2985 non
249 2930 357 3007 potest
380 2921 434 2986 vel
458 2945 525 2988 non
550 2922 649 2987 debet
673 2931 833 2990 avertere.
881 2923 925 2986 Et
948 2921 1012 2986 hac
1035 2923 1163 2986 ratione
1178 2920 1255 2986 tole-

159 3021 267 3084 rantia
292 3020 403 3084 differt
433 3045 454 3086 a
477 3021 778 3106 dissimulatione³);
811 3045 850 3086 ea
874 3023 963 3086 enim
994 3042 1079 3108 quae
1104 3020 1255 3084 dissimu-

250 3201 271 3266 ¹)
288 3199 332 3254 Ex
350 3198 425 3266 lotis,
436 3198 491 3266 ¹qni
508 3199 538 3255 in
557 3198 727 3254 declarandis
745 3199 898 3255 rationibus
918 3199 1090 3264 tolerantiae,
1107 3198 1136 3253 in
1155 3211 1256 3266 genere

158 3285 292 3350 sumptae,
317 3296 378 3335 cum
397 3279 592 3349 approbatione
610 3285 763 3344 versantur,
795 3296 861 3350 prae
887 3281 1003 3342 caeteris
1034 3279 1091 3348 legi
1116 3283 1256 3333 merentur

158 3361 185 3421 J.
213 3361 248 3420 H.
272 3361 431 3428 Bthmer,
470 3361 610 3420 Decretot.
642 3361 688 3418 lib.
716 3363 742 3428 ὃ,
767 3362 813 3418 tit.
842 3363 866 3428 7,
894 3363 910 3431 ξ
940 3360 1004 3430 166;
1038 3360 1138 3430 Greg.
1169 3357 1256 3414 Zali-

158 3442 262 3508 wein,
293 3442 442 3510 Principia
466 3443 546 3508 sitris
575 3443 677 3508 eccles,
696 3444 841 3509 quaesta,
861 3443 920 3510 aa,
941 3443 1022 3513 §103
1047 3440 1165 3496 Jacob.
1184 3441 1256 3495 Zal-

158 3522 291 3592 linger,
322 3523 521 3576 Iastttattoaes
547 3522 626 3590 juris
654 3529 713 3580 aot.
734 3523 751 3580 l.
772 3527 797 3580 3.
824 3539 845 3578 c.
875 3525 923 3592 103
960 3523 993 3578 A.
1021 3521 1053 3576 L.
1082 3521 1255 3588 Schlbzsr‚

159 3603 419 3674 staats-Aeaeae»,
451 3606 473 3660 t.
502 3603 544 3674 16,
582 3618 608 3660 n.
639 3603 688 3674 43;
719 3603 884 3670 Rotteck,
920 3603 1058 3673 Dutdaop
1090 3602 1119 3656 in
1151 3602 1256 3657 Staats·

158 3683 263 3739 lexicon
276 3688 297 3742 t.
305 3684 330 3754 4,
343 3699 369 3752 p.
376 3683 444 3749 532;
463 3683 580 3738 Aemil.
594 3683 812 3752 Ruckgaber,
828 3686 968 3748 Toleraar,
980 3683 1010 3737 in
1020 3682 1255 3749 Kirchenlexicon,

157 3769 178 3821 t.
199 3765 242 3837 11,
260 3781 286 3833 p.
307 3765 348 3821 72.
449 3763 469 3834 ²)
489 3763 614 3818 Omnium
639 3764 696 3819 looo
721 3781 805 3820 unum
829 3764 968 3820 suffecerit
994 3764 1147 3836 adduxisse,
1176 3780 1256 3831 quem

157 3844 255 3900 ultimo
272 3845 330 3900 loco
348 3843 556 3917 nominavimus,
576 3845 753 3914 professorem
771 3847 817 3905 Dr.
832 3847 1004 3918 Ruckgabsr,
1025 3846 1072 3914 qui
1093 3845 1256 3918 tolerantiae

158 3926 296 3980 notionem
324 3926 364 3980 sic
388 3926 519 3995 explicat:
557 3925 652 3996 ,Unter
681 3928 817 3980 Toleroaa
841 3929 965 3982 versteht
997 3943 1060 3982 man
1091 3919 1144 3981 im'
1164 3926 1257 3995 Alige-

157 4005 273 4078 meinen,
293 4006 346 4060 wie
364 4005 408 4060 die
427 4006 593 4062 Gauonisten
612 4023 707 4078 sagon,
727 4007 864 4076 diejenige
879 4010 1035 4078 Stimmung
1049 4009 1104 4062 und
1117 4007 1257 4062 Entschie·

157 4086 269 4142 denheit
287 4085 333 4140 des
354 4087 510 4154 Gemiithes,
531 4093 658 4156 vermbge
677 4088 725 4143 der
742 4089 793 4142 wir
812 4089 914 4156 Etwas,
934 4091 982 4144 das
1000 4107 1052 4155 uns
1072 4089 1258 4158 widerwtrtig

158 4169 223 4223 oder
241 4183 293 4236 gar
312 4167 356 4222 ein
374 4168 460 4224 Uebel
484 4169 580 4240 dtinkt,
604 4169 660 4221 und
689 4168 737 4222 das
756 4171 807 4224 wir
832 4170 899 4224 doeh
926 4171 1003 4225 nicht
1028 4171 1130 4224 andern
1149 4170 1257 4224 konnen

158 4249 222 4304 oder
241 4246 347 4319 ditrlen,
379 4249 511 4318 geduldig
530 4253 669 4318 ertragen,
698 4265 726 4304 es
749 4250 826 4304 nicht
852 4251 1023 4321 bektmpfem
1047 4252 1077 4320 ja
1103 4267 1184 4319 sogor
1209 4267 1254 4305 um

159 4329 233 4389 eines
246 4325 422 4384 dffentliohen
442 4329 563 4385 Nutasns
584 4329 676 4384 willon
695 4331 759 4384 oder
771 4347 821 4384 zur
837 4332 1023 4402 Vermeidnng
1040 4333 1113 4387 eines
1126 4337 1254 4400 grossam

163 4409 299 4466 Schadens
339 4409 481 4470 bisweileu
519 4409 644 4466 fdrmlioh
675 4411 835 4466 zuculassen
870 4417 926 4470 und
958 4413 1167 4469 anzuerkenneu
1204 4429 1255 4467 uns

158 4489 320 4549 verstehen‘.
414 4491 435 4562 ⁸)
462 4494 529 4549 Cum
554 4491 772 4547 dissimulatione
807 4508 972 4552 communem
1004 4495 1089 4551 ferme
1119 4493 1256 4564 significa·

694 4601 731 4671 (a)
1121 4601 1149 4656 ι*
