3218 5446
637 554 676 612 Π.
694 553 735 608 De
753 549 906 608 rationibus
924 547 1026 602 demeti
1044 544 1209 602 tolerantiae

465 736 642 802 Caeterum
666 735 740 819 ipsa
763 730 867 796 verba
891 728 1042 813 rescripti
1077 725 1162 792 adeo
1192 723 1361 804 distincte,
1398 745 1479 810 per-

376 838 492 922 spicue
514 856 555 898 ac
578 833 806 918 significanter
828 838 981 894 naturam
995 825 1133 910 genuini
1150 823 1270 886 moti
1284 843 1383 886 versa
1400 843 1481 906 pro-

375 936 514 1022 prieque
538 931 649 996 dictae
672 928 863 994 tolerantiae
886 923 1077 1006 ostendunt,
1102 919 1389 1005 utsclalectiona,
1404 941 1478 986 ncn

377 1032 660 1118 interpretatione,
685 1026 869 1111 indigeant.
1571 1026 1572 1029 ’

465 1227 520 1294 54.
560 1225 681 1292 Utrum
719 1191 841 1289 deinde
875 1220 1046 1286 decretum
1079 1227 1228 1283 nostrum
1261 1218 1303 1284 de
1334 1239 1479 1282 numero

378 1349 493 1392 earum
517 1325 770 1390 concessionum
802 1323 854 1403 sit,
887 1341 973 1406 quae
991 1319 1093 1404 juxta
1123 1315 1272 1400 regulam
1298 1317 1350 1398 74,
1381 1316 1479 1382 nulla

378 1426 535 1491 exteriori
566 1431 721 1486 movente
755 1443 867 1502 eausa,
901 1418 959 1484 sed
993 1440 1036 1482 ex
1065 1417 1135 1482 sola
1159 1417 1275 1482 latenti
1310 1437 1479 1502 propensa
1573 1417 1574 1424 ’

378 1524 552 1588 voluntate
575 1529 675 1606 atque
699 1541 742 1583 ex
767 1541 855 1583 mero
880 1519 994 1582 lavore
1016 1517 1154 1602 pretiose
1178 1523 1256 1580 sunt
1278 1513 1402 1588 factam
1430 1537 1479 1578 an

379 1645 458 1688 vero
483 1617 706 1686 exterioribus
729 1638 840 1682 rerum
864 1616 1034 1702 adjunctis
1062 1614 1098 1680 id
1127 1615 1307 1680 moesone-io
1340 1613 1478 1696 exigen·
1574 1615 1575 1650 ³

379 1720 480 1802 tibus,
504 1718 547 1782 ad
572 1725 717 1781 mentem
742 1713 876 1798 regulae
908 1715 972 1781 78?
1001 1715 1151 1800 quaestio
1182 1721 1232 1776 est
1264 1711 1356 1794 facti,
1387 1733 1478 1797 quae

381 1817 605 1890 indubitatam
631 1812 827 1878 solutionem
857 1835 900 1877 ex
923 1812 1062 1878 historia
1085 1813 1190 1898 ipsius
1213 1810 1339 1876 decreti
1365 1809 1479 1877 babet.

470 1915 554 1980 Eam
579 1914 682 1996 igitur
706 1933 771 1976 nou
796 1913 906 1976 minus
929 1921 1083 1976 accurate
1102 1932 1203 1996 quam
1218 1911 1387 1974 succincte
1403 1932 1479 1973 nar-

381 2025 488 2080 ratam
511 2013 627 2096 accipe
661 2031 703 2072 ex
727 2007 832 2072 literis
856 2010 943 2075 Emi.
967 2009 1067 2078 Card.
1092 2009 1251 2096 praelecti
1276 2007 1308 2074 S.
1332 2007 1480 2094 Congre-
1576 2015 1577 2018 ’

380 2113 525 2198 gationis
557 2110 598 2174 de
623 2107 848 2192 Propaganda
871 2107 956 2172 Fide
979 2107 1022 2171 ad
1046 2109 1220 2194 episcopos
1244 2116 1389 2172 statuum
1413 2107 1481 2172 loe·

382 2210 572 2276 deratorum
597 2206 629 2270 d.
647 2205 679 2270 d.
695 2205 726 2270 3.
745 2205 826 2292 Maji
851 2206 947 2270 1892.
995 2206 1047 2270 De
1070 2207 1199 2270 ratione
1222 2205 1344 2290 agendi
1368 2205 1478 2270 archi·

382 2307 531 2394 episcopi
555 2305 588 2372 S.
613 2303 713 2370 Pauli
744 2306 780 2369 in
812 2305 1002 2368 memoratis
1030 2304 1161 2369 duobus
1193 2303 1336 2386 casibus,
1368 2305 1482 2390 inquit

383 2407 487 2470 Emus
513 2402 611 2468 Card.
636 2403 833 2489 praefectus,
865 2404 999 2487 ,acriter
1022 2402 1101 2466 bine
1124 2402 1204 2466 inde
1228 2405 1396 2467 contentio
1421 2425 1479 2468 ex·

383 2506 473 2585 arsit,
498 2505 599 2567 etiam
630 2523 690 2588 per
712 2501 864 2587 publicas
897 2500 1136 2588 ephemerides,
1169 2500 1259 2587 quod
1292 2499 1390 2565 valde
1422 2502 1479 2567 do-

384 2602 531 2683 lendum,
556 2600 711 2665 ardenter
734 2602 882 2685 quaestio
906 2600 1067 2665 ventilata
1091 2599 1164 2682 luit,
1195 2621 1259 2664 nec
1282 2621 1420 2666 concors
1446 2612 1480 2666 et

385 2702 544 2765 unanime
568 2700 800 2785 episcoporum
819 2697 986 2784 judicium
1010 2697 1074 2762 hac
1098 2698 1139 2762 de
1162 2721 1198 2762 re
1222 2698 1343 2763 extitit.
1377 2697 1479 2778 Quod

386 2821 490 2886 quum
514 2798 684 2881 religionis
716 2797 814 2879 bono,
848 2795 1006 2862 eeclesiae
1039 2797 1150 2861 decori
1184 2806 1217 2860 et
1251 2798 1480 2882 optatissimus

386 2920 491 2984 aeque
514 2920 554 2961 ac
569 2897 774 2960 necessariae
798 2898 884 2960 inter
898 2917 1066 2960 sacrorum
1083 2896 1249 2959 antistites
1267 2895 1479 2978 concordiae,

385 2998 421 3061 in
445 3019 512 3082 qua
542 3016 609 3081 pax
641 3016 780 3080 gregum
804 2996 884 3080 ipsis
908 2995 1158 3058 commissorum
1183 2992 1353 3072 solidatur,
1377 3015 1480 3080 quam

386 3095 567 3182 plurimum
592 3091 707 3157 obesse
726 3093 818 3178 juste
842 3094 951 3157 timeri
975 3100 1099 3178 posset:
1132 3091 1255 3158 Sancta
1287 3092 1391 3158 Sedes
1424 3115 1480 3179 op-

386 3201 566 3279 portunum
590 3191 699 3272 duxit,
732 3213 800 3254 rem
827 3189 869 3254 ad
894 3211 928 3253 se
953 3211 1095 3254 avocare
1123 3189 1377 3276 dijudicandam
1408 3212 1481 3255 sua-

387 3313 451 3378 que
481 3291 645 3354 sententia
678 3288 958 3375 disputationibus
997 3288 1098 3352 linem
1139 3290 1319 3374 imponere.
1368 3288 1481 3375 Hujus

386 3397 498 3454 autem
522 3389 646 3470 negotii
672 3409 813 3452 examen
838 3386 1040 3473 quibusdam
1065 3408 1107 3450 ex
1131 3386 1235 3451 Emis.
1261 3387 1328 3450 ΡΡ.
1354 3409 1378 3453 s.
1404 3409 1480 3451 eon-

386 3487 459 3552 silio
484 3485 664 3550 christiano
689 3486 815 3549 nomini
839 3485 1055 3572 propagando
1080 3487 1278 3570 praepositis
1303 3485 1481 3550 demanda-

386 3595 458 3649 tum
481 3584 555 3665 fuit,
593 3585 649 3669 qui
683 3584 717 3647 in
742 3585 885 3648 comitiis
910 3583 1033 3648 habitis
1067 3584 1120 3648 die
1154 3585 1205 3649 21.
1231 3583 1357 3669 Aprilis
1380 3583 1481 3670 hujus

386 3684 477 3764 anni,
503 3690 633 3746 matura
656 3704 696 3745 ac
712 3681 862 3766 diligenti
878 3684 1136 3767 investigatione
1152 3684 1314 3763 instituta,
1340 3703 1379 3746 ea
1394 3705 1481 3768 quae

387 3781 429 3846 ab
454 3779 703 3866 archiepiscopo
720 3802 743 3844 s.
757 3780 851 3844 Pauli
876 3792 1010 3867 peracta
1030 3789 1116 3862 sunt,
1141 3783 1232 3845 omni
1250 3780 1312 3845 sub
1326 3792 1480 3866 respectu

388 3878 642 3964 perpendentes,
682 3880 816 3942 attentis
852 3879 1077 3965 peculiaribus
1113 3879 1282 3964 adjunctis
1322 3900 1383 3942 nec
1414 3901 1481 3945 non

389 3978 487 4042 modo
504 3987 537 4041 et
553 3978 669 4063 pactis,
695 3976 816 4063 quibus
832 3979 1009 4042 conventio
1027 3980 1111 4042 inita
1124 3977 1199 4061 luit,
1223 4000 1368 4063 sequens
1383 3979 1482 4043 eden·

389 4077 468 4141 dum
494 4085 694 4140 censuerunt
727 4076 906 4160 decretum,
939 4076 1057 4140 eadem
1082 4076 1135 4140 die
1160 4099 1181 4140 e
1204 4076 1341 4142 Summo
1370 4076 1481 4142 Ponti-

387 4175 449 4239 fice
473 4173 708 4260 adprobatum:
739 4175 892 4240 Firmis.
918 4228 925 4242 .
951 4175 1086 4239 tolerari
1104 4177 1231 4261 potest‘.

477 4271 511 4336 Si
536 4272 618 4358 quid
646 4295 794 4358 unquam
826 4275 979 4356 exigente
1011 4272 1124 4358 aliqua
1159 4274 1254 4356 gravi
1285 4274 1482 4337 necessitate

387 4371 451 4435 fuit
474 4371 517 4436 ad
543 4379 685 4435 mentem
709 4371 843 4454 regulae
861 4373 948 4458 juris
975 4373 1014 4436 77
1041 4371 1222 4448 decretum,
1257 4373 1291 4435 in
1316 4393 1394 4434 casu
1419 4369 1482 4435 hoc

389 4479 499 4534 nostro
525 4469 559 4535 id
585 4478 673 4534 certo
699 4469 862 4533 accidisse
886 4471 1057 4534 evidentia
1080 4470 1158 4534 facti
1183 4469 1336 4538 ostendit.

909 4593 966 4667 (4⁰)
