3218 5446
376 601 497 670 exemplo
515 600 613 671 gallico
630 601 830 667 demonstratis,
850 617 896 658 nn.
914 603 958 658 49.

211 781 284 862 Quo
318 805 360 845 ex
389 782 519 846 decreto
543 783 711 867 propriam
742 782 887 847 indolem
912 783 1106 848 tolerantiae
1136 782 1211 847 ideo

121 879 277 945 diximus.
290 880 466 963 insigniter
489 879 658 962 illustrari,
683 880 772 966 quod
798 881 826 944 1.
843 888 919 947 ante
936 882 1048 944 omnia
1064 878 1207 946 declara·

120 987 189 1042 tum
215 981 265 1061 sit,
286 979 419 1065 judices
443 977 633 1060 catholicos,
659 979 693 1043 in
717 977 801 1043 laico
827 978 985 1044 tribunali
1010 1001 1128 1042 666666
1145 1002 1211 1043 ma·

119 1078 323 1142 trimoniales
335 1085 541 1160 tractaturos,
555 1078 602 1160 ,in
618 1075 749 1140 casibus
764 1076 1022 1162 particularibus
1036 1077 1078 1142 ad
1090 1077 1210 1142 Sedem

119 1173 346 1260 Apostolicam
370 1197 538 1239 recurrere
563 1174 695 1240 debere‘
727 1197 784 1260 pro
810 1174 990 1240 obtinendo
1015 1175 1210 1240 tolerantiae

120 1272 294 1354 indulto¹);
331 1273 420 1360 quod
445 1275 474 1338 2.
498 1274 622 1339 Sancta
651 1273 763 1354 Sedes,
799 1272 888 1337 edita
913 1273 985 1359 jam
1019 1273 1212 1338 tolerantiae

117 1393 275 1456 responsa
306 1372 498 1436 authentice
534 1374 802 1457 interpretatura,
840 1380 953 1458 aperte
989 1373 1133 1436 edixerit
1163 1374 1211 1455 ,in

118 1469 663 1556 616666111666116166616116161),
696 1469 731 1534 id
760 1491 864 1533 unum
896 1493 930 1534 66
963 1471 997 1534 in
1023 1481 1132 1535 mente
1156 1470 1210 1535 ha-

120 1565 240 1650 buisse,
273 1577 309 1632 ut
343 1566 435 1632 casui
460 1569 652 1654 particulari
691 1590 749 1654 pro
783 1569 854 1654 ejus
885 1570 1145 1633 circumstantiis
1177 1578 1209 1632 et

118 1667 296 1750 exigentiis
320 1665 568 1753 provideret‘³);
605 1666 693 1752 quod
717 1667 857 1752 proinde
881 1667 911 1734 3.
937 1667 1132 1732 tolerantiae
1157 1667 1210 1732 de-

118 1773 208 1827 creta
231 1786 309 1828 vere
333 1766 400 1828 sint
423 1765 538 1829 odiosa
562 1773 595 1828 et
618 1766 730 1828 stricte
755 1765 1019 1851 interpretanda3
1053 1766 1209 1852 quodque

117 1861 148 1926 4.
172 1861 307 1926 tandem
331 1865 465 1927 nonnisi
490 1885 532 1926 ex
555 1865 762 1946 gravissimis
786 1865 894 1928 causis
918 1863 1098 1947 6616111614).

116 2057 326 2123 Τ6161661166
344 2059 513 2123 decretum
527 2061 560 2123 in
577 2081 678 2124 causa
693 2058 891 2124 scholastica
904 2060 990 2127 Rmi.
1008 2061 1087 2125 Dni.
1106 2060 1210 2125 archi·

227 2159 374 2242 episcopi
399 2180 423 2223 s.
448 2157 545 2222 Pauli
569 2157 695 2222 editum
721 2157 774 2222 die
798 2159 851 2225 21.
867 2158 975 2244 April.
1002 2159 1098 2224 1892.

204 2317 258 2383 50.
290 2318 472 2382 Historiam
495 2317 593 2404 hujus
619 2317 742 2382 decreti
773 2317 1030 2404 probabilesque
1061 2318 1210 2405 ejusdem

115 2417 259 2479 rationes
292 2415 479 2500 perdiscere
509 2417 632 2501 poteris
664 2439 706 2480 ex
730 2416 869 2502 epistola
893 2417 979 2500 Emi.
1018 2418 1207 2483 Cardinalis

114 2513 272 2599 praefecti
297 2513 384 2598 (heic
409 2538 441 2591 n,
455 2514 513 2597 54)
538 2524 637 2600 atque
655 2537 697 2578 ex
718 2514 848 2580 duobus
864 2516 1043 2600 opusculis,
1069 2538 1206 2601 quaese

116 2622 228 2676 mutuo
255 2612 438 2698 complent,
463 2615 622 2678 nimirum
649 2615 677 2676 1.
702 2637 745 2678 ex
769 2615 933 2698 scriptura
958 2614 1143 2679 memoriali
1166 2615 1208 2679 ab

114 2713 184 2796 ipso
219 2711 313 2775 Rmo.
340 2711 380 2778 1).
406 2711 658 2798 archiepiscopo
692 2711 826 2777 Ireland
855 2711 981 2777 oblata:
1012 2712 1208 2795 ,Questione

113 2808 186 2873 sull’
215 2811 466 2894 insegnamento
501 2810 654 2875 cettolico
691 2812 726 2874 in
761 2811 880 2876 alcuna
911 2809 1107 2896 parrocchie
1132 2811 1207 2874 dell'

113 2905 332 2972 archidiocesi
366 2908 400 2973 di
425 2908 457 2972 S.
483 2909 588 2974 Paolo
613 2909 647 2973 di
673 2909 872 2989 Minnesote,
898 2908 987 2992 negli
1011 2910 1205 2974 Stati-Uniti

114 3005 314 3070 d'America‘
339 3005 466 3090 (Roma,
485 3009 543 3092 tip.
555 3006 588 3074 S.
603 3006 639 3075 O.
658 3007 699 3072 de
715 3007 814 3093 Prop.
826 3007 921 3088 Fide,
942 3008 1037 3088 1892,
1047 3029 1122 3092 pag.
1135 3008 1207 3090 36),

114 3113 145 3167 et
171 3111 199 3169 2.
216 3125 258 3167 ex
281 3102 409 3168 libello:
434 3105 496 3182 ,La
511 3108 685 3192 questione
709 3107 883 3171 scolastica
908 3105 995 3189 degli
1013 3105 1206 3171 Stati-Uniti

112 3201 177 3266 616
201 3201 367 3266 decisione
384 3202 470 3266 della
485 3204 718 3291 Propaganda‘
742 3205 868 3288 (Roma,
880 3207 938 3289 tip.
959 3203 1089 3286 sociale,
1110 3205 1206 3287 1892,

111 3321 186 3385 pag.
212 3300 278 3384 36).
302 3337 345 3346 —-
371 3299 483 3380 Quum
508 3303 620 3369 Rmus.
646 3304 917 3390 archiepiscopus
941 3325 1074 3367 causam
1105 3326 1122 3366 6
1147 3325 1206 3367 666

110 3397 182 3461 loco
206 3406 335 3462 tantum
360 3389 554 3481 intueretur,
587 3402 683 3467 aliter
705 3403 777 3467 ficri
801 3425 869 3466 non
893 3403 1010 3488 potuit,
1043 3424 1143 3488 quam
1169 3413 1206 3465 ut

111 3496 182 3581 ejus
207 3499 380 3583 expositio,
416 3497 480 3562 alio
512 3500 573 3565 sub
598 3511 751 3586 respectu
786 3501 1005 3582 considerata,
1039 3500 1204 3564 ulterioris

110 3594 338 3660 illustrationis
362 3618 470 3682 capax
495 3601 660 3664 existeret.
708 3602 826 3664 Partes
851 3600 952 3683 igitur
975 3621 995 3662 6
1019 3598 1204 3664 11166616-

111 3703 181 3758 tore
194 3693 454 3760 16116166666161
470 3695 605 3762 alterius
628 3697 731 3762 libelli
748 3697 980 3784 quadantenus
993 3696 1201 3783 supplevit5),

201 3897 222 3968 1)
240 3898 294 3952 Ofr.
314 3899 481 3966 Responsum
500 3899 728 3970 Congregationis
747 3902 1012 3970 8011161166166666
1032 3901 1204 3971 Sangallensi

110 3978 204 4033 datum
213 3978 238 4034 d.
247 3980 271 4035 3.
278 3979 356 4047 April
365 3979 441 4045 1878,
450 3980 479 4033 iu
487 3979 532 4038 cit.
542 3982 668 4052 ,Archiv‘,
679 3988 699 4040 t.
707 3984 801 4054 4l,pp.
815 3983 964 4038 181-183.
1015 3983 1036 4053 ²)
1049 3983 1080 4040 D.
1092 3984 1133 4042 24.
1142 3985 1205 4051 Sep·
1307 3981 1309 3988 '

109 4058 190 4115 tcmb.
213 4058 288 4116 1887.
363 4059 386 4128 ³)
405 4061 574 4129 Responsum
593 4064 866 4119 8Ρ66611661161166
895 4065 937 4122 dd.
958 4066 1000 4120 25.
1020 4064 1100 4132 April
1126 4064 1203 4126 1890,

109 4137 235 4204 ‚Archiv‘,
254 4143 274 4194 t.
295 4139 337 4204 67,
356 4156 382 4207 p.
402 4140 462 4197 178,
536 4144 558 4211 ⁴)
578 4142 714 4210 Quomodo
733 4145 922 4212 ‚praesentium
937 4148 1089 4211 temporum
1101 4159 1202 4213 urgens

108 4218 256 4272 necessitas
280 4218 383 4285 aliquid
414 4221 447 4275 de
470 4223 618 4278 severitate
649 4239 781 4278 canonum
811 4241 843 4279 66
870 4225 899 4278 in
919 4240 1001 4280 causa
1029 4224 1204 4279 relaxandum

108 4298 279 4366 deposceret‘,
299 4300 451 4367 expositum
475 4302 576 4358 videsis
602 4304 630 4359 in
649 4305 694 4362 cit.
715 4304 832 4370 ,Archiv‘
858 4309 878 4362 t.
902 4307 945 4371 57,
973 4321 1017 4372 pp.
1039 4305 1091 4358 193
1104 4335 1137 4344 -
1152 4305 1204 4358 194

109 4378 131 4448 ⁵)
151 4379 247 4434 Partes
275 4380 384 4435 relictas
409 4381 469 4436 ideo
498 4384 702 4449 ‚quadantenus
739 4390 847 4440 tantum
879 4402 936 4440 esse
967 4385 1000 4438 ab
1034 4384 1120 4439 altero
1155 4384 1204 4438 hoc

108 4464 219 4514 anctore
246 4459 385 4528 suppletas
413 4461 535 4528 dicimus,
565 4465 629 4530 quia
659 4466 726 4519 duas
754 4466 887 4520 sectiones
915 4466 985 4524 Rmi.
1009 4465 1203 4533 archiepiscopi

108 4539 230 4608 pluribus
249 4556 303 4595 non
323 4542 476 4608 exequitur,
503 4543 608 4598 scilicet
633 4549 737 4613 partem
763 4545 902 4613 politicam
926 4545 959 4600 de
983 4547 1148 4600 necessitate
1172 4560 1203 4599 ac

565 4649 568 4654 ·
625 4652 680 4723 (aa)
1060 4653 1096 4708 3*
