3218 5446
766 528 806 583 De
825 527 917 583 valore
935 526 1037 582 decreti
1055 525 1228 581 tolerantiae

546 711 612 790 Qui
637 710 726 773 enim
750 709 784 772 in
809 708 899 771 omni
923 705 1098 771 tolerantia
1121 705 1263 770 habetur
1286 717 1392 787 actus,
1420 705 1567 790 duplici

454 811 583 874 ratione
607 808 807 892 ,negativns‘
830 815 888 887 est,
912 808 1039 869 ratione
1063 804 1178 869 habita
1202 803 1329 870 scilicet
1351 814 1428 869 tum
1449 806 1568 890 ipsius

455 908 547 993 legis,
572 916 640 970 tum
666 907 714 969 rei
738 903 895 969 toleratae
920 908 967 985 (n.
993 905 1056 985 11).

545 1005 650 1068 Priori
685 1002 781 1068 modo
815 1002 938 1065 dicitur
973 1003 1182 1086 ,negativns‘,
1216 1002 1295 1087 qnia
1326 1011 1375 1064 est
1413 1001 1567 1084 negatio

456 1105 596 1169 actionis
607 1105 695 1166 circa
707 1102 824 1186 legem,
850 1099 945 1185 cnjus
962 1099 1175 1164 violationem
1191 1098 1359 1183 legislator
1375 1098 1565 1163 tolerando

456 1204 527 1267 fieri
552 1203 647 1281 sinit3
682 1200 736 1264 lex
760 1200 861 1282 enim,
885 1199 983 1261 etiam
1009 1208 1083 1283 poet
1113 1198 1240 1262 editum
1272 1198 1474 1262 tolerantiae
1507 1197 1564 1261 de·

457 1311 593 1381 cretum,
622 1299 713 1364 omni
738 1305 905 1382 exparte,
928 1297 1093 1360 intensive
1115 1305 1147 1359 et
1170 1297 1353 1380 extensive,
1378 1297 1428 1360 ita
1456 1296 1564 1360 firma

456 1402 489 1464 in
514 1398 616 1485 priori
639 1419 698 1461 suo
723 1395 839 1461 robore
863 1404 1045 1481 permanet,
1070 1404 1107 1458 ut
1131 1417 1192 1459 nec
1209 1395 1279 1481 ipse
1297 1393 1351 1458 ille
1368 1393 1564 1479 singularis

456 1507 489 1561 et
512 1495 794 1561 extraordinarius
818 1515 924 1570 casus,
956 1495 991 1556 in
1024 1514 1089 1578 quo
1113 1494 1250 1579 impune
1283 1514 1350 1557 non
1374 1492 1561 1556 observari

458 1595 669 1682 permittitur,
694 1593 737 1657 ab
762 1592 833 1678 ejus
857 1591 1058 1676 obligatione
1082 1593 1248 1656 eximatur
1271 1592 1341 1678 (nn.
1367 1591 1537 1674 24—25).

545 1690 658 1756 Altero
690 1690 787 1755 modo
812 1699 951 1755 vocatur
988 1691 1196 1774 ‚negativus‘‚
1229 1691 1307 1775 quia
1342 1699 1391 1753 est
1415 1692 1560 1774 negatio

420 1852 422 1856 ,
455 1793 596 1856 actionis
620 1792 655 1854 in
679 1789 795 1853 ordine
819 1788 861 1853 ad
894 1810 973 1866 rem,
1008 1810 1094 1873 quae
1126 1788 1294 1870 toleratur,
1328 1789 1400 1852 sive
1431 1811 1559 1875 appro-

455 1889 602 1954 bandam
619 1890 689 1952 sive
714 1886 987 1972 improbandam3
1012 1908 1114 1972 quum
1139 1885 1317 1970 legislator,
1341 1884 1445 1950 solius
1472 1886 1558 1950 boni

454 1989 581 2075 publici
605 2008 715 2068 cauea,
739 1988 822 2050 citra
838 2006 969 2049 omnem
985 1984 1268 2070 approbationem,
1293 1985 1461 2071 patienter
1478 1995 1559 2050 tan-

454 2097 525 2151 tum
550 2086 643 2166 ferat,
669 2107 753 2171 quae
777 2094 892 2149 eontra
915 2083 1021 2170 legem
1046 2084 1116 2148 fieri
1142 2083 1195 2148 vel
1224 2084 1312 2148 faeta
1336 2083 1441 2147 videt.

543 2185 605 2248 Est
628 2195 738 2248 autem
762 2193 855 2248 aetus
879 2205 1011 2265 ,sonans
1035 2184 1070 2247 in
1095 2185 1184 2268 pati,
1210 2185 1289 2269 quia
1314 2184 1556 2269 impunitatem

456 2283 514 2347 dat
536 2281 626 2367 apud
651 2282 811 2366 homines,
845 2293 878 2347 et
909 2281 991 2346 alios
1015 2281 1058 2346 ab
1091 2303 1139 2365 eo,
1165 2283 1219 2346 cui
1251 2283 1465 2366 permittitur,
1500 2283 1556 2346 ob·

454 2380 545 2465 ligat,
570 2403 612 2443 ne
637 2380 912 2465 impedimentum
935 2390 1062 2466 ponant
1084 2382 1153 2467 (nn.
1182 2381 1322 2463 10-11,
1349 2381 1400 2462 19,
1425 2382 1495 2463 24).

545 2589 577 2669 2)
592 2585 703 2671 Atque
718 2595 763 2667 ut,
781 2585 869 2649 unde
886 2608 1023 2650 exorsus
1038 2596 1097 2668 est,
1114 2585 1239 2650 ibidem
1250 2587 1447 2650 terminetur
1463 2609 1554 2652 eom-

455 2686 646 2764 mentarius,
659 2684 979 2771 ‚propterhumanae
988 2694 1126 2749 naturae
1136 2687 1329 2749 varietatem
1339 2695 1371 2749 et
1381 2685 1554 2751 machina-

454 2785 560 2848 tiones
584 2783 655 2868 ejus
679 2781 910 2867 inopinabiles‘
935 2784 981 2870 (n.
1009 2783 1051 2864 1),
1083 2784 1377 2870 providentissimo
1409 2785 1552 2849 consilio

454 2881 501 2964 fit,
526 2891 563 2945 ut
586 2881 688 2946 Sedes
712 2880 915 2966 Apostolica‚
942 2883 1040 2960 ‚facta
1057 2883 1247 2968 singularia,
1273 2905 1360 2969 quae
1377 2884 1412 2947 in
1428 2906 1550 2970 exeep-

454 2979 636 3045 tionalibue
660 2979 793 3044 casibus
816 3002 835 3043 a
859 2978 931 3064 lege
955 2980 1146 3062 deflectunt,
1172 2983 1398 3047 moderatione
1416 3004 1456 3047 ae
1471 3005 1550 3068 pru-

455 3078 568 3143 dentia
585 3078 669 3142 duce
685 3079 805 3164 potius,
821 3100 920 3164 quam
937 3078 1018 3164 legis
1033 3081 1141 3164 rigore
1150 3080 1348 3166 judicando,
1362 3081 1548 3146 identidem

456 3178 590 3242 tolerari
620 3183 728 3264 poeae‘
762 3176 915 3244 declaret.
963 3179 1053 3242 Dum
1088 3181 1175 3242 enim
1215 3178 1379 3265 ejusmodi
1413 3180 1548 3245 decreto

454 3275 577 3360 ,media
602 3274 705 3340 veluti
730 3285 830 3340 strata
855 3278 941 3340 inter
969 3279 1111 3361 rigorem
1137 3287 1169 3340 et
1193 3278 1475 3364 dispensationem
1500 3282 1549 3344 in-

456 3374 616 3438 cedendo‘
645 3379 689 3458 (n.
715 3373 769 3460 14)
810 3398 852 3438 ex
880 3398 947 3439 una
978 3385 1071 3461 parte
1103 3377 1269 3461 sapienter
1291 3387 1480 3462 praecavet,
1506 3402 1548 3443 ne

455 3474 609 3556 ,nimium
633 3473 843 3556 emungendo
868 3477 1003 3559 sanguis
1025 3473 1187 3538 eliciatur‘
1211 3477 1255 3561 (n.
1282 3474 1345 3560 15),
1377 3498 1419 3540 ex
1443 3476 1548 3542 altera

455 3580 549 3657 parte
573 3594 642 3635 rem
666 3573 803 3636 vetitam
839 3574 926 3636 intra
958 3574 1117 3638 terminos
1151 3575 1185 3637 in
1211 3574 1342 3638 decreto
1374 3596 1548 3661 expressos

455 3671 592 3756 impune
621 3671 692 3735 fieri
717 3671 763 3734 ita
787 3672 876 3753 sinit,
909 3680 946 3735 ut
974 3671 1069 3736 firma
1099 3673 1135 3736 in
1159 3695 1218 3737 suo
1242 3672 1360 3737 robore
1390 3672 1446 3737 lex
1476 3697 1547 3761 per-

457 3778 589 3833 maneat
613 3773 680 3853 (nn.
706 3770 750 3834 24
773 3779 805 3834 et
827 3770 893 3853 51).
