3218 5446
408 598 529 668 exemplo
547 598 641 654 italico
658 597 812 664 declaratis,
830 613 857 652 n.
876 597 920 652 48.

109 714 484 722 -—-—--—.-—-.--—

23 780 39 864 ᾗ
109 781 200 866 dum,
225 781 386 866 flagitiose
411 803 450 844 ac
466 781 586 844 vitiose
610 777 831 858 contrahitur3
856 787 889 840 et
905 776 983 841 licet
998 774 1110 840 valide
1127 797 1202 840 con·

19 879 40 918 '³'-
108 883 212 963 sistat,
235 889 348 945 tamen
371 878 626 965 ‚peccaminosa‘
650 885 762 942 manet
777 875 1005 960 ,conjunctio‘;
1031 895 1093 938 nee
1109 871 1201 937 aliud

18 1008 33 1062 ὴ
107 989 263 1065 operetur
287 978 516 1064 comparativa
539 976 712 1061 permissio
738 996 805 1038 seu·
819 972 1003 1054 tolerantia,
1038 993 1136 1057 quam
1166 983 1203 1034 ut

18 1111 25 1166 s
108 1079 246 1165 nuptiae
271 1077 346 1141 illae
370 1076 555 1161 impunitae
579 1075 645 1137 sint
669 1095 780 1138 coram
804 1071 997 1136 hominibus
1027 1078 1127 1154 atque
1158 1067 1201 1132 ab

18 1165 37 1218 }·r·
108 1175 298 1240 indiscretis
323 1171 632 1261 impugnationibus
656 1193 792 1236 securae
816 1172 971 1236 existant.

19 1383 36 1420 ὲ·
107 1371 299 1438 Tolerantia
322 1369 461 1436 militiae
486 1370 613 1434 civicae
637 1369 673 1433 in
697 1367 854 1432 dominiis
870 1367 904 1433 S.
921 1365 1018 1432 Sedis
1034 1365 1202 1451 usurpatis

582 1466 720 1532 indulta.

21 1695 23 1718 ³
195 1631 249 1697 48.
274 1630 328 1694 Ex
352 1628 482 1695 duobus
502 1628 668 1715 responsis
691 1649 731 1691 ea
755 1626 796 1691 de
809 1649 844 1690 re
860 1649 880 1691 a
897 1649 921 1692 s.
937 1624 1202 1690 Poenitentiaria

107 1729 206 1794 editis
219 1729 359 1794 alterum
374 1729 463 1813 ipsos
479 1727 600 1791 milites
616 1734 753 1811 spectat,
778 1724 919 1789 alterum
935 1745 1015 1787 vero
1032 1721 1199 1788 officiales.

18 1863 32 1919 j:
107 1829 249 1914 Utrique
288 1846 464 1892 commune
499 1833 557 1906 est,
593 1834 630 1888 ut
668 1824 802 1910 majoris
833 1822 1036 1888 incommodi
1068 1821 1199 1884 vitandi

18 1982 30 2010 ,.
106 1948 208 1991 causa
232 1927 343 1990 minus
367 1923 491 1988 malum
516 1922 647 1988 tolerari
681 1945 777 2008 posse
809 1921 949 2005 dicatur,
983 1922 1010 1985 si
1041 1921 1200 1984 nimirum

18 2013 27 2020 ⁸
105 2046 221 2090 omnes
252 2022 328 2087 illae
359 2022 567 2087 conditiones
598 2030 808 2102 concurrant,
840 2042 926 2106 quae
956 2041 999 2083 ex
1032 2019 1200 2083 communi

105 2122 280 2187 doctorum
305 2123 470 2186 sententia
494 2121 760 2205 cooperationem
793 2118 837 2183 ad
868 2117 992 2182 malum
1025 2115 1201 2181 honestare

18 2213 26 2286 ’ζ’
106 2220 230 2287 valent.

195 2318 261 2383 Sed
281 2317 412 2404 juverit,
431 2317 513 2403 ipsis
537 2339 561 2380 s.
588 2316 870 2381 Poenitentiariae
893 2313 1007 2379 verbis
1022 2313 1201 2398 adscriptis

19 2463 26 2500 3.
104 2418 289 2504 genuinum
312 2414 506 2479 tolerantiae
529 2436 665 2478 sensum
689 2413 862 2480 illustrare.

18 2513 20 2586 ᾗ
195 2515 249 2579 De
272 2513 354 2600 ipsis
378 2509 540 2577 militibus
565 2515 666 2598 igitur
690 2512 830 2578 dubium
854 2511 963 2575 fuerat
979 2511 1199 2596 propositum:

19 2611 20 2614 '
104 2612 188 2696 ,Che
213 2611 323 2679 debba
348 2609 429 2674 dirsi
454 2612 584 2675 intorno
609 2633 629 2675 a
653 2609 764 2697 quegli
789 2608 969 2692 individui,
999 2608 1060 2672 che
1085 2618 1198 2673 contro

104 2711 173 2776 loro
198 2710 334 2775 volunta
357 2731 417 2773 son
441 2711 568 2773 ascritti
594 2733 611 2774 e
635 2731 789 2794 vengouo
815 2709 961 2773 costretti
986 2730 1006 2772 a
1029 2707 1081 2771 far
1103 2716 1197 2793 parte

18 2887 20 2890 .
105 2807 192 2873 della
216 2809 398 2872 medesima
421 2807 564 2893 guardia
587 2807 711 2894 (civica
735 2829 753 2872 ο
778 2805 1003 2887 naaionale)‘?
1207 2810 1210 2814 ’

18 2899 21 2996 ζ
196 2905 228 2972 S.
247 2906 507 2970 Poenitentiaria
528 2906 701 2991 respondit
725 2906 756 2972 d.
785 2905 835 2970 10.
860 2905 930 2970 dec.
959 2903 1063 2968 1860:
1086 2904 1198 2986 ,Posse

18 3017 22 3024 '
105 3004 238 3070 tolerari
274 3002 396 3068 milites
434 3005 560 3068 civicos
599 3013 741 3085 coactos,
787 3004 845 3090 qui
884 3001 1038 3066 militiam
1073 3001 1199 3088 absque

104 3105 200 3189 gravi
234 3102 355 3167 damno
387 3125 444 3166 seu
468 3102 679 3167 incommodo
705 3101 857 3167 deserere
896 3109 1075 3186 nequeunt,
1108 3100 1200 3165 dum-

18 3200 19 3204 ’
105 3201 203 3267 modo
251 3211 363 3265 tamen
409 3202 521 3264 auimo
559 3202 666 3286 parati
704 3203 772 3265 sint
794 3222 869 3264 eam
899 3199 1060 3281 deserere,
1100 3221 1200 3286 quam

104 3303 250 3386 primum
274 3308 440 3384 poterunt,
465 3308 498 3362 et
521 3300 654 3363 interim
684 3299 849 3363 abstinere
874 3298 917 3362 ab
942 3297 1098 3362 omnibus
1122 3302 1201 3362 acti·

103 3399 168 3463 bus
191 3396 383 3463 hostilitatis
407 3399 442 3461 iu
466 3396 616 3461 subditos
648 3406 680 3460 et
714 3397 836 3461 milites
859 3396 1001 3480 legitimi
1025 3397 1199 3482 principis,

105 3507 138 3561 et
152 3496 194 3561 ab
209 3497 341 3562 actibus
357 3504 472 3560 contra
483 3494 582 3576 bona,
591 3495 670 3582 jura
686 3505 719 3559 et
735 3517 892 3581 personas
905 3495 1199 3578 ecclesiasticasfl).

195 3597 248 3659 De
272 3594 473 3660 officialibus
497 3604 609 3659 autem
633 3593 755 3681 aliquis
779 3597 954 3680 episeopus
971 3602 1085 3679 postea
1102 3617 1199 3679 quae·

105 3695 199 3758 sivit:
238 3693 293 3776 ‚Se
324 3695 374 3758 sia
403 3693 501 3758 lecito
540 3701 706 3757 accettare
736 3691 783 3776 gli
817 3692 905 3756 offici
930 3692 1080 3756 inferiori
1115 3692 1202 3757 della

104 3791 245 3878 guardia
270 3791 451 3874 naaionale,
482 3813 577 3856 come
608 3790 642 3855 di
676 3800 837 3874 sergente‚
863 3789 1017 3874 caporale
1047 3791 1200 3870 esimili,

105 3888 158 3954 ne’
182 3889 273 3976 quali
298 3912 364 3955 non
390 3892 417 3954 si
442 3899 553 3976 preste
576 3889 675 3954 alcun
700 3889 941 3973 giuramento?‘

195 3987 239 4052 Et
278 4012 302 4055 s.
338 3990 604 4053 Poenitentiaria
646 4011 681 4052 re
721 3986 899 4071 diligenter
945 4009 1108 4072 perpensa
1148 3989 1202 4053 die

104 4087 136 4152 3.
154 4085 261 4172 April.
282 4087 367 4152 1872
391 4087 576 4172 respondit:
602 4086 790 4170 ,Quatenus
804 4087 910 4150 coacti
927 4085 1066 4149 militiae
1081 4109 1201 4151 nomen

107 4185 270 4266 dederint,
305 4191 337 4247 et
361 4193 496 4249 servent
534 4207 589 4249 eas
622 4186 726 4249 animi
760 4184 1004 4269 dispositiones,
1037 4207 1123 4270 quae
1156 4188 1203 4248 in-

85 4283 241 4369 'junctae
272 4292 350 4346 sunt
378 4306 397 4347 a
422 4305 517 4347 sacra
541 4284 801 4348 Poenitentiaria
834 4284 869 4346 in
900 4283 1067 4366 responsis
1103 4283 1201 4348 editis

105 4380 161 4445 die
186 4381 238 4448 10.
263 4379 424 4449 Decemb.
452 4380 547 4464 1860,
572 4403 668 4468 posse
692 4380 835 4464 tolerari,
860 4389 898 4444 ut
912 4379 955 4444 ad
970 4380 1202 4446 redimendam

195 4540 216 4611 ²)
235 4539 291 4600 (tir.
309 4541 381 4596 Aeta
398 4539 424 4598 S.
443 4537 527 4608 Sedis,
546 4543 567 4598 t.
588 4542 612 4614 1,
631 4555 675 4610 pp.
695 4541 846 4598 ose-560.

184 4651 290 4704 unies,
304 4651 408 4692 noiomi
422 4655 506 4702 potat.
624 4647 682 4720 (33)
1064 4653 1080 4706 3
