3218 5446
406 569 571 624 tolerantiae
590 571 687 636 ,minus
706 569 787 624 recte‘
807 569 961 628 intellectis,

131 683 188 690 υ...-
402 682 1228 691 —mffl———a—-u-

201 751 332 815 Folium
342 751 533 836 ‚Politische
544 751 839 837 Oorrcspoudenz‘‚
851 751 999 817 famosae
1010 749 1087 814 illae
1097 749 1229 814 tabulae

131 851 393 914 novissimarum
418 873 639 936 rerumquae
659 852 693 914 in
712 850 856 914 officinis
869 852 1018 914 omnium
1034 870 1228 932 magnarum

130 948 386 1032 ephemeridum
401 949 612 1036 politicarum
633 951 717 1012 scire
736 951 887 1031 interest,
899 971 966 1012 non
981 948 1102 1012 minori
1114 945 1228 1011 verbo-

130 1049 390 1134 rumpompade
405 1047 625 1133 amplitudine
641 1070 680 1111 ac
697 1046 808 1111 valore
824 1050 926 1111 nostri
944 1047 1069 1112 decreti
1084 1045 1230 1131 loquitur

131 1143 247 1210 iriense
259 1148 356 1232 majo.
381 1148 582 1231 ‚DerPapst,
601 1147 646 1210 ita
665 1149 750 1210 inter
767 1145 833 1210 alia
849 1147 905 1228 ait,
921 1145 1084 1209 iiberwies
1098 1143 1152 1207 die
1165 1142 1230 1206 An·

130 1243 342 1329 gelegenheit
366 1245 424 1310 der
442 1244 686 1330 Congregation
712 1244 769 1307 der
790 1243 1012 1330 Propaganda
1029 1262 1071 1306 zu
1084 1264 1230 1327 genauer

131 1341 295 1428 Priifung,
330 1344 398 1408 und
433 1343 524 1407 diese
556 1343 614 1406 hat
648 1365 716 1407 nun
742 1342 828 1406 nach
852 1341 1079 1426 eingehender
1110 1341 1229 1406 Uuter-

132 1440 289 1527 suchung
322 1441 496 1527 hezi'rglich
532 1442 590 1506 des
621 1464 687 1506 von
721 1443 805 1526 Mgr.
839 1441 973 1506 Ireland
1006 1439 1228 1526 angefiihrten

132 1538 283 1623 Systems
307 1541 371 1605 den
396 1541 525 1627 Spruch
551 1540 678 1625 gefallt:
705 1538 839 1604 tolerari
854 1551 1011 1626 potest..
1043 1539 1088 1602 Es
1113 1536 1231 1602 erhellt

132 1637 277 1715 hieraus,
312 1640 388 1704 dass
420 1640 479 1704 der
512 1639 633 1723 heiliga
666 1637 763 1703 Stuhl
797 1638 903 1702 durch
940 1640 1010 1702 sein
1038 1636 1168 1702 Urtheil
1194 1638 1228 1699 in

134 1736 242 1800 dieser
265 1736 371 1803 Sache
395 1738 599 1822 neuerdings
624 1738 687 1803 den
713 1739 842 1802 Beweis
867 1736 1023 1801 erbracht
1045 1735 1113 1817 hat,
1153 1735 1229 1798 dass

133 1856 169 1898 er
193 1836 247 1899 eiu
271 1837 525 1902 entschiedener
548 1836 682 1923 Gegner
712 1835 793 1901 aller
823 1836 1086 1921 intransigenten
1112 1832 1227 1899 Stand·

134 1935 261 2018 punhte
284 1937 327 1999 ist
350 1937 419 2000 und
444 1937 520 2001 dass
554 1936 613 1999 der
643 1937 749 2020 Papst
781 1935 852 1999 sich
886 1938 922 1999 in
945 1934 1032 1998 allen
1066 1933 1125 1997 das
1148 1932 1227 1996 Ver·

134 2032 256 2098 haltnis
281 2035 339 2099 der
362 2035 489 2099 Kirche
513 2057 590 2099 zum
615 2033 728 2098 Staatc
753 2032 981 2097 betreffenden
1005 2034 1137 2117 Fragen
1161 2052 1227 2094 von

133 2131 280 2216 hingem,
315 2133 369 2197 die
403 2133 556 2199 Greuzen
594 2133 651 2199 des
685 2132 929 2198 Erreichbaren
970 2132 1228 2198 berechnenden

134 2230 241 2294 Tahte
266 2232 336 2296 und
359 2254 436 2298 vom
455 2233 568 2298 Gciste
585 2233 643 2296 der
659 2231 952 2296 Versb'hulichkeit
975 2233 1077 2297 leiten
1097 2230 1186 2295 lasst‘
1196 2233 1227 2312 ¹).

224 2329 349 2393 Verum
374 2341 410 2395 ut
449 2333 590 2396 caeteris
621 2329 778 2396 omnibus
810 2341 959 2416 tempore
991 2333 1090 2415 prior,
1127 2331 1172 2393 ita
1197 2337 1229 2392 et

135 2426 245 2491 verbis
269 2430 428 2494 audacior
451 2430 615 2515 ampullas
639 2431 781 2516 projecit
803 2432 966 2514 interpres
984 2431 1017 2493 in
1036 2427 1229 2510 ‚Baltimore

135 2526 220 2590 Suu:
259 2527 344 2609 ‚The
375 2528 547 2593 so·called
581 2529 756 2594 Faribault
795 2529 872 2614 plan
906 2531 934 2592 is
968 2551 1043 2592 now
1074 2525 1227 2610 formally

135 2621 273 2689 allowed
298 2627 331 2689 in
357 2631 441 2714 spite
465 2628 503 2693 of
523 2627 688 2693 Germana
711 2629 778 2692 aud
803 2629 939 2696 Jesuits.
980 2627 1052 2692 The
1077 2626 1226 2690 decision

135 2721 276 2804 ‚tolerari
308 2731 425 2809 potest‘
450 2727 557 2791 which
591 2749 705 2792 means
730 2727 939 2812 canonically
964 2729 1003 2808 ,is
1020 2726 1103 2810 fully
1120 2723 1228 2790 allow-

135 2820 209 2886 ed‘·.
237 2870 245 2886 .
276 2822 347 2887 The
380 2825 459 2911 plan
490 2827 529 2910 is,
563 2827 600 2889 of
620 2848 747 2910 course,
786 2849 805 2890 a
836 2826 1012 2911 departure
1056 2827 1139 2889 from
1173 2823 1228 2887 the

80 2925 85 2937 '
136 2919 231 2998 ideal,
257 2921 324 2985 and
349 2924 383 2987 in
409 2946 484 2988 case
509 2924 546 2988 of
566 2948 585 2988 a
602 2924 778 3010 departure
795 2925 858 2990 the
875 2924 1049 2989 canonical
1064 2924 1228 3009 lauguage

136 3020 162 3082 is
194 3018 337 3100 ,tolerari
374 3025 493 3106 potest‘
529 3023 590 3087 but
621 3022 700 3108 they
733 3023 836 3108 imply
870 3023 920 3087 for
945 3025 1092 3109 practice
1126 3020 1228 3086 afull

135 3118 349 3203 approvol‘2).

134 3309 175 3364 17.
195 3307 338 3375 Daroma),
358 3305 533 3361 berolinensis
550 3306 716 3374 ‚Germania‘
736 3308 790 3376 (die
801 3309 841 3364 18.
854 3309 996 3378 Decemb.)‚
1019 3304 1229 3376 salisburgensis

134 3388 282 3457 ,Sabbura
306 3386 550 3456 Kirohenneitung‘
576 3387 631 3455 (die
655 3389 697 3444 20.
718 3388 852 3458 Decemb.)
884 3394 913 3443 et
939 3389 1018 3457 plura
1036 3388 1091 3442 alia
1109 3387 1228 3457 ejusdem

133 3469 299 3524 celebritatis
326 3473 389 3522 acta
415 3467 524 3524 diurna:
556 3469 586 3522 in
616 3468 713 3534 quibus
742 3470 865 3524 omnibus
892 3471 1041 3525 advocatus
1078 3467 1228 3538 praesentis

133 3563 229 3603 causae
246 3548 275 3602 in
294 3547 360 3602 folio
378 3548 427 3616 ‚Le
445 3549 581 3604 moniteur
599 3549 633 3604 de
652 3551 744 3604 Rome‘
763 3551 897 3620 (1a.-13.
916 3551 1053 3622 Decemb.)
1072 3550 1228 3606 decrimine

132 3628 195 3682 falsi
213 3628 349 3698 arguitur.
386 3629 440 3684 Nos
459 3629 567 3696 quidem
585 3630 668 3684 alieni
687 3647 704 3684 a
723 3635 783 3684 tota
801 3630 851 3686 lite
870 3636 902 3686 ut
921 3648 1019 3698 sumus,
1047 3648 1103 3687 rem
1122 3635 1228 3685 contro·

133 3723 238 3764 versam
255 3709 285 3763 in
303 3709 391 3764 medio
409 3709 594 3776 relinquimus.

222 3790 242 3860 ¹)
262 3790 419 3844 Commenta
446 3790 551 3859 politici
578 3790 659 3858 hujus
681 3791 823 3859 scriptoris
851 3793 946 3847 doctus
970 3793 1107 3862 professor
1131 3793 1229 3848 ameri-

132 3885 213 3924 canus
232 3869 316 3924 solide
335 3886 366 3924 ac
384 3886 498 3926 nervose
516 3870 623 3925 refutat
650 3871 679 3924 in
705 3871 746 3943 1N.
766 3871 873 3927 Tiroler
891 3874 1039 3946 Stimmen‘,
1068 3874 1093 3929 d.
1113 3875 1139 3931 2.
1158 3873 1228 3928 Julii

134 3950 201 4005 1892
220 3950 269 4005 sub
287 3950 384 4006 titulo:
405 3951 464 4018 ,Die
483 3950 646 4021 Schnlfrage
664 3952 693 4006 iu
712 3952 764 4007 den
782 3953 964 4022 Vereinigten
982 3954 1114 4010 Staaten‘.
1134 3954 1177 4007 Ex
1195 3969 1228 4008 ea

132 4029 298 4085 refutatione
322 4031 350 4084 id
373 4037 484 4086 tantum
512 4037 662 4099 enotamus‚
688 4033 759 4100 quod
784 4038 880 4088 auctor
903 4035 1019 4089 maxime
1047 4035 1229 4104 reprehendat

132 4110 280 4179 captiosum
298 4113 444 4168 terminum
463 4115 726 4183 Fartboaltspsteor,
746 4116 974 4186 Fariboaltplco,
994 4117 1064 4182 quod
1076 4117 1099 4170 is
1112 4116 1227 4184 simplici

132 4191 267 4257 bonaeque
286 4191 349 4246 fidei
367 4193 469 4248 homini
487 4194 618 4259 insinuet,
637 4195 811 4249 tolerantiam
832 4197 1033 4263 compositionis
1061 4199 1132 4252 circa
1156 4197 1227 4251 solas

132 4273 197 4325 duas
216 4271 320 4326 scholas
340 4272 414 4328 facta
434 4274 461 4328 vi
481 4275 601 4344 ejusdem
620 4276 723 4330 decreti
743 4293 776 4331 cx
794 4277 943 4331 identitate
961 4278 1076 4332 rationis
1096 4278 1227 4333 etiamad

132 4352 198 4406 alias
216 4352 319 4407 scholas
337 4354 504 4422 parochiales
523 4357 634 4411 extendi
653 4373 739 4425 posse,
758 4373 834 4412 secus
854 4374 885 4411 ac
903 4357 1045 4426 legitimae
1063 4359 1227 4427 interpreta-

131 4433 212 4487 tionis
230 4433 343 4503 regulae
361 4433 421 4489 fieri
440 4435 541 4490 sinant.
616 4436 638 4506 ²)
658 4437 690 4492 D.
712 4438 753 4493 11.
774 4437 841 4506 Maji
861 4437 940 4496 1892.
962 4439 1000 4493 Dc
1019 4441 1158 4506 praesenti
1177 4440 1227 4494 bac

131 4513 358 4583 interpretatione
376 4515 470 4590 recole,
490 4532 559 4583 quae
578 4517 768 4571 animadversa
786 4534 835 4572 suo
853 4518 911 4572 loco
930 4524 996 4572 sunt
1015 4535 1041 4577 n.
1060 4521 1103 4576 54.

645 4625 702 4696 (59)
