3218 5446
613 559 656 616 .11.
676 557 716 614 De
734 557 887 613 rationibus
904 558 1007 614 deomti
1025 517 1189 612 tolerantiae
1225 599 1227 604 .

453 739 588 804 Dicitur
610 739 705 816 ,citra
728 737 1021 823 dispensationem‘
1051 735 1140 800 facta
1162 736 1346 822 permissio,
1377 739 1460 822 quia

364 838 496 902 firmum
520 838 555 901 iu
578 858 637 901 suo
659 835 778 900 robore
801 844 914 899 manet
945 833 1028 918 legis
1052 833 1235 917 vinculum,
1267 836 1367 900 etiam
1400 832 1458 898 illo

365 940 435 1023 ipso
460 937 495 1000 iu
519 957 608 1018 casu,
633 937 667 1000 in
692 957 757 1022 quo
780 933 958 1019 legislator,
982 932 1135 997 adhibita
1159 932 1343 1015 tolerantia,
1374 931 1458 1016 legis

364 1034 588 1115 violationem,
608 1033 700 1118 justa
724 1033 883 1098 suadente
907 1031 942 1096 id
958 1053 1069 1112 causa,
1095 1032 1296 1116 impunitam
1313 1030 1366 1095 vel
1381 1031 1459 1096 sim·

365 1132 496 1219 pliciter
518 1131 675 1217 relinquit
698 1128 751 1194 vel
775 1131 876 1194 etiam
905 1128 1015 1215 palam
1046 1137 1079 1192 et
1102 1138 1215 1213 aperte
1253 1129 1456 1215 pronuntiat·

365 1230 462 1295 Licet
500 1231 588 1294 enim
627 1229 802 1294 tolerantia
837 1229 1070 1314 impunitatem
1109 1227 1253 1292 violatae
1283 1227 1368 1314 legis
1402 1227 1459 1292 det

366 1351 477 1393 coram
500 1327 701 1407 hominibus,
726 1349 786 1412 per
805 1349 839 1390 se
864 1334 1012 1412 spectata
1035 1335 1146 1389 tamen
1168 1347 1210 1390 ne
1234 1327 1268 1390 in
1284 1348 1363 1390 casu
1387 1348 1457 1412 per-

366 1429 465 1492 misso
501 1426 634 1513 quidem
660 1424 743 1508 legis
767 1423 1007 1488 relaxationem
1030 1423 1130 1487 tacite
1163 1423 1316 1508 involvit,
1349 1445 1457 1510 neque

366 1524 505 1612 proinde
528 1523 610 1607 legis
633 1521 836 1606 obligatione
860 1521 986 1586 solutus
1010 1522 1133 1600 existit,
1159 1523 1302 1607 quirem
1318 1521 1459 1586 vetitam

365 1626 501 1710 impune
525 1623 729 1687 committere
754 1622 875 1684 sinitur
897 1623 967 1702 (nn.
990 1620 1145 1702 ext-38).

453 1721 564 1807 Atque
588 1719 668 1783 hino
691 1722 726 1783 in
750 1717 854 1783 oculis
871 1719 970 1783 situm
986 1727 1037 1782 est
1052 1717 1241 1802 discrimen,
1266 1719 1355 1806 quod
1371 1722 1459 1785 inter

365 1821 645 1905 dispensationem
670 1827 701 1881 et
724 1815 933 1882 tolerantiam
959 1815 1144 1882 intercedit.

455 1917 507 1983 at.
525 1917 740 2001 Dispensatio
754 1916 878 2001 quippe
893 1924 943 1978 est
971 1923 1076 1996 ,actus
1099 1915 1271 2000 positivus,
1287 1938 1408 1982 sonans
1422 1919 1458 1982 in

365 2026 484 2102 agere‘,
508 2037 572 2101 quo
596 2014 765 2099 legislator
779 2035 838 2100 pro
856 2035 936 2078 casu
949 2013 1140 2098 dispensato
1158 2013 1360 2098 obligatione
1374 2015 1460 2100 legis

364 2136 443 2179 vere
467 2113 574 2193 solvit,
599 2111 790 2198 etquidem
815 2112 878 2176 hoo
903 2113 1033 2194 effectu,
1059 2122 1095 2177 ut
1125 2122 1240 2176 contra
1270 2113 1376 2198 legem
1401 2115 1458 2179 ali-

365 2211 445 2300 quid
468 2211 558 2302 licite
582 2220 615 2275 et
639 2209 750 2274 valide
775 2210 846 2274 fieri
877 2218 987 2296 queat,
1013 2209 1066 2273 vel
1095 2219 1141 2292 ut,
1175 2211 1263 2296 quod
1295 2213 1458 2278 inutiliter

364 2320 398 2375 ot
432 2319 548 2374 contra
578 2309 685 2394 legem
716 2309 843 2373 factum
887 2316 945 2389 est,
990 2307 1158 2393 subsistat,
1196 2309 1287 2374 salvo
1328 2333 1460 2398 semper

364 2408 475 2495 quoad
499 2417 628 2473 caetera
651 2408 763 2471 omnia
787 2406 869 2490 legis
894 2406 1028 2471 vinculo
1053 2416 1085 2471 et
1109 2410 1234 2492 vigore.

455 2505 528 2587 Quo
552 2528 595 2569 ex
619 2505 744 2589 duplici
774 2505 1060 2590 dispensationum
1084 2507 1204 2570 effectu
1229 2506 1354 2592 duplex
1379 2530 1457 2595 quo-

365 2627 429 2691 que
444 2604 628 2668 ostenditur
645 2603 929 2688 dispensationum
955 2625 1043 2682 usus,
1068 2604 1148 2667 dum
1165 2603 1250 2668 aliae
1267 2604 1310 2677 ad
1323 2613 1458 2694 'tempus

364 2704 578 2789 praeteritum
602 2701 790 2765 referuntur
823 2723 862 2766 ao
887 2703 976 2765 circa
1000 2701 1035 2765 id
1059 2711 1243 2786 versantur,
1276 2705 1365 2789 quod
1384 2707 1457 2790 jam

364 2802 490 2865 factum
514 2797 563 2864 est
586 2808 700 2865 contra
725 2822 885 2882 canones3
920 2799 1004 2864 aliae
1034 2823 1112 2865 vero
1145 2811 1277 2888 tempus
1308 2802 1457 2870 futurum

369 2899 561 2984 respiciunt,
586 2898 772 2983 prudenter
802 2898 1025 2983 providentes,
1057 2921 1109 2981 ne,
1140 2898 1291 2984 neglecta
1322 2902 1458 2987 publica

365 3006 398 3060 et
422 2997 592 3060 communi
616 2996 767 3078 utilitate,
806 2999 953 3062 incerto
978 2997 1089 3084 aliquo
1115 3021 1193 3063 casu
1223 3001 1457 3086 intempestive

366 3097 463 3179 vigor
485 3093 567 3178 legis
591 3104 757 3179 urgeatur.

392 3264 395 3268 ,
453 3193 578 3256 Prioris
601 3194 731 3277 generis
754 3193 1018 3278 dispensationes
1052 3197 1150 3260 certis
1181 3197 1215 3261 in
1241 3197 1389 3280 casibus,
1421 3200 1457 3264 in

365 3290 486 3378 quibus
519 3299 633 3356 contra
665 3291 808 3356 'canones
840 3293 921 3378 quid
954 3302 1065 3357 aetum
1099 3303 1178 3377 erat,
1212 3295 1396 3370 identidem
1420 3299 1456 3362 in

359 3390 435 3476 jure
458 3388 564 3452 factas
587 3388 736 3473 legimns,
762 3398 799 3452 ut
821 3412 880 3476 per
903 3391 1201 3468 extraordinariam
1222 3393 1308 3478 juris
1331 3395 1462 3472 relaxa,

363 3487 486 3552 tionem
517 3481 723 3568 existentiae,
754 3491 828 3574 paci
861 3498 893 3552 et
916 3492 1050 3554 unionis
1086 3491 1244 3556 ecclesiae
1275 3493 1457 3559 consulere·

362 3588 453 3669 tur1).
478 3586 633 3650 Eundem
657 3587 1108 3672 ,dispensationismodum²)
1133 3589 1262 3655 Summi
1277 3591 1457 3658 Pontifices

362 3683 528 3768 hodieque
551 3682 722 3767 adhibent,
748 3685 837 3768 dum,
863 3708 947 3772 quae
971 3685 1085 3774 aliqua
1118 3689 1338 3778 inuecolesiae
1361 3700 1455 3779 parte

373 3941 391 3992 μ
417 3979 419 3982 .
451 3934 474 4006 1)
493 3937 535 3990 Ex
553 3934 646 3990 multis
665 3934 801 4003 exemplis,
821 3949 890 4004 quae
909 3936 938 3991 in
951 3953 1061 4007 corpore
1070 3937 1142 4007 juris
1155 3937 1277 3995 canonici
1297 3939 1464 4001 referuntur

361 4014 389 4072 0.
410 4017 434 4072 1.
454 4030 478 4082 q.
499 4017 523 4082 7,
540 4016 645 4086 juverit
671 4016 797 4070 attulisse
816 4033 875 4075 can.
895 4018 1117 4086 Dispensationes
1143 4020 1185 4085 16,
1213 4020 1313 4088 inquo
1339 4021 1457 4089 cyrillus

361 4095 438 4151 Alex.
458 4095 591 4151 rationem
609 4112 673 4150 usus
692 4097 838 4152 earundem
857 4097 1089 4166 dispensationum
1108 4095 1228 4170 eleganti
1254 4103 1464 4170 comparatione·

361 4175 491 4232 illustrat.
528 4176 614 4242 ,Sicut
631 4177 659 4242 ii,
679 4176 763 4232 verba
780 4183 846 4231 sunt
873 4179 962 4233 saneti
988 4180 1116 4247 auctoris,
1145 4181 1192 4247 qui
1215 4197 1290 4237 mare
1309 4183 1454 4251 navigant,

360 4259 524 4322 tempestate
541 4263 658 4324 urgente
677 4259 794 4324 navique
813 4259 988 4325 periclitante
1007 4260 1122 4319 anxiati,
1142 4261 1273 4327 quaedam
1299 4269 1457 4330 exonerant,

361 4341 393 4388 ut
411 4340 518 4390 caetera
536 4337 613 4391 salva
630 4344 822 4406 permaneant:
851 4338 893 4392 ita
911 4346 940 4394 et
958 4355 1013 4404 nos,
1034 4355 1115 4406 quum
1134 4356 1188 4395 non
1207 4341 1336 4397 habemus
1350 4344 1456 4398 salvun-

361 4415 454 4469 dorum
474 4416 591 4470 omnium
609 4418 782 4488 negotiorum
801 4419 1001 4486 certitudinem,
1024 4421 1184 4488 despicimus
1211 4438 1244 4476 ex
1262 4423 1296 4476 iis
1315 4425 1464 4490 quaedam,

360 4509 395 4549 ne
413 4501 569 4550 cunctorum
588 4501 724 4566 patiamur
743 4499 900 4567 dispendia‘.
993 4499 1015 4570 ²)
1036 4501 1082 4554 Ita
1100 4501 1171 4556 idem
1190 4519 1211 4559 s.
1232 4502 1325 4571 Oyrill.
1346 4505 1363 4562 l.
1383 4521 1405 4561 c.

877 4608 932 4676 oe
