3218 5446
445 1647 590 1746 Index
623 1650 908 1770 synoptious

567 1863 780 1896 .—*-.-.

1132 1989 1222 2040 Pagina

125 2059 267 2114 Praefatio
287 2067 316 2114 et
334 2058 437 2113 occasio
457 2057 591 2113 scribendi
643 2097 1130 2118 .......
1204 2060 1220 2116 1

661 2217 687 2288 L
707 2207 712 2219 .

482 2362 527 2417 lle
545 2364 656 2416 natura
675 2360 870 2416 tolerantiae.

125 2507 167 2561 De
185 2505 342 2560 definitione
361 2521 393 2560 ac
411 2504 598 2559 constitutivis
618 2503 758 2573 principiis
777 2503 942 2559 tolerantiae
1045 2549 1050 2562 .
1126 2550 1132 2562 .

125 2595 167 2650 De
186 2594 366 2665 explicatione
384 2594 549 2649 tolerantiae
567 2609 616 2663 per
638 2599 738 2660 ,aetum
751 2593 921 2662 negativum,
940 2601 1083 2649 sonantem
1102 2594 1131 2649 in

216 2685 292 2754 pati,
312 2685 397 2752 deque
416 2684 555 2751 frequenti
573 2683 693 2753 ejusdem
715 2698 766 2737 osu
804 2727 809 2740 .
882 2722 889 2737 .
967 2728 974 2740 .
1045 2728 1051 2741 .
1126 2725 1131 2737 .
1205 2687 1221 2736 6

652 2843 698 2916 11.

383 2987 427 3043 Ile
446 2989 620 3044 rationibus
639 2988 756 3043 decreti
776 2987 961 3042 tolerantiae

456 3110 490 3149 ex
505 3095 567 3164 jure
586 3094 714 3149 canonico
732 3094 888 3150 illustratis.

126 3237 301 3293 Praemonita
319 3278 1129 3296 ...........
1186 3239 1219 3293 12

654 3386 693 3436 A.

392 3487 524 3556 Exempla
542 3503 576 3542 ex
591 3487 653 3557 jure
676 3489 765 3543 clauso
785 3489 952 3578 deprompta.

124 3631 256 3701 Exempla
282 3645 315 3686 ex
333 3631 441 3686 decreto
465 3630 605 3686 Gratiani:
634 3647 694 3686 oum
720 3632 795 3687 brevi
814 3632 998 3687 declaratione
1029 3630 1131 3685 decreti

213 3720 376 3775 tolerantiae
396 3721 430 3774 ad
448 3737 538 3775 sacros
556 3736 672 3775 canones
690 3727 788 3775 exacta
881 3766 886 3778 .
962 3765 967 3778 .
1043 3766 1049 3778 .
1124 3766 1129 3776 .
1186 3723 1220 3776 14

125 3810 165 3864 De
185 3809 350 3876 definitione,
370 3809 520 3877 elementis,
535 3809 634 3864 effectu
645 3827 677 3864 ac
685 3811 846 3879 synonymia
856 3811 958 3865 decreti
968 3810 1132 3864 tolerantiae
1187 3811 1221 3865 15

124 3952 254 4022 Exempla
273 3969 306 4007 ex
324 3953 505 4009 decretalibus
524 3954 666 4022 desumpta
667 3991 1128 4011 .......
1185 3955 1220 4009 23

652 4101 688 4152 Β.

302 4194 433 4263 Exempla
452 4211 486 4250 ex
504 4196 700 4250 recentioribus
722 4195 792 4251 actis
812 4197 837 4250 S.
857 4195 932 4249 Sedis
952 4199 1039 4248 eruta.

125 4337 301 4392 Praemonita
336 4338 368 4392 de
399 4339 467 4392 actis
504 4339 684 4394 recentiorum
720 4339 878 4407 pontificum
908 4354 941 4392 ac
970 4336 1131 4391 nominatim

214 4431 331 4480 Leonis
348 4430 443 4492 XIII,
462 4428 547 4494 deque
566 4427 700 4497 singulari
711 4429 770 4497 ejus
782 4428 811 4482 iu
822 4427 962 4497 religionis
975 4442 1131 4493 morumque

212 4516 404 4586 integritatem
422 4517 513 4570 studio
559 4559 1129 4576 ........
1185 4517 1220 4569 26

640 4624 699 4694 <aa
