3218 5446
356 545 390 584 ex
408 531 515 586 decreto
535 531 662 589 Gratiani
681 533 776 599 erutis,
795 551 840 590 nu.
860 535 975 594 29-30.

115 716 231 793 potest.
281 708 394 788 Quum
428 712 469 784 de
503 714 732 798 persecutione
764 713 925 778 ecclesiae
959 713 1143 779 catholicae
1177 717 1212 779 in

115 803 298 872 Germania
321 810 434 895 (vulgo
458 809 721 896 Kulturkampf)
745 811 894 876 finiende
917 821 975 877 aut
989 812 1105 878 saltem
1125 814 1210 877 miti-

113 904 226 988 ganda
249 914 403 988 ageretur
426 922 514 964 anno
541 901 637 982 1887,
664 901 850 986 complexio
874 901 985 987 legum
1009 903 1045 966 in
1069 904 1212 966 comitiis

114 1002 381 1067 berolinensibus
405 1001 607 1063 sancitarum
632 998 769 1064 Summo
785 999 941 1064 Pontifici
964 999 1213 1086 proponebatur

108 1101 305 1187 judicanda.
352 1102 392 1165 In
416 1098 457 1161 iis
491 1098 590 1161 inter.
610 1096 706 1184 plur'a
738 1106 861 1162 statuta
893 1100 995 1165 sacris
1025 1098 1210 1163 canonibus

114 1201 279 1265 contraria
312 1209 344 1264 et
375 1195 535 1262 ecclesiae
559 1196 743 1260 commodis
777 1196 937 1261 damnosa
970 1199 1071 1261 etiam
1106 1196 1211 1261 multa

112 1298 373 1385 reperiebantur,
399 1317 485 1382 quae
509 1315 612 1380 quum
643 1317 662 1357 a
681 1295 759 1380 jure
783 1298 952 1361 communi
977 1318 1043 1360 non
1067 1295 1210 1381 amplius

111 1396 315 1472 recederent,
340 1396 416 1483 paci
442 1393 687 1458 ecclesiasticae
722 1397 926 1470 cumvariis
950 1394 1132 1459 commodis
1155 1418 1208 1481 pa·

112 1495 250 1560 riendae
295 1495 416 1560 idonea
462 1513 532 1556 esse
572 1490 777 1557 videbantur
791 1494 828 1575 1):
868 1515 1009 1579 quorum
1045 1492 1209 1558 bonorum

112 1593 275 1680 jacturam
297 1593 433 1679 rejectio
457 1591 570 1674 legum
594 1599 683 1656 certe
707 1591 880 1657 attulisset.
914 1590 1004 1672 Quid
1030 1613 1106 1676 ergo
1122 1593 1208 1656 Pon·

111 1693 204 1776 tifex,
237 1693 272 1756 in
305 1697 486 1777 conspectu
510 1690 648 1753 istorum
676 1688 825 1755 duorum
860 1689 1020 1754 malorum
1055 1690 1208 1777 positus?

111 1790 150 1856 In
175 1789 313 1854 salutem
338 1787 487 1852 fidelium
512 1809 684 1873 nunquam
709 1810 775 1853 non
800 1789 947 1853 intentus
972 1799 1072 1876 atque
1093 1811 1208 1854 omnes

111 1889 183 1975 ejus
207 1887 408 1952 obtinendae
432 1887 505 1950 vias
533 1886 617 1950 inire
641 1895 786 1972 paratus,
810 1889 938 1951 ratione
962 1910 1002 1951 ac
1026 1887 1207 1974 prudentia

112 1987 206 2069 duce,
231 1986 301 2052 Leo
324 1984 391 2052 PP.
414 1985 511 2050 XIII.
542 1984 721 2070 judicavit,
753 1984 863 2050 locum
893 2008 964 2050 esse
999 1985 1205 2069 tolerantiae,

111 2085 305 2171 pracsertim
336 2085 415 2169 quia
441 2083 513 2168 jam
556 2084 677 2166 ,minus
711 2082 859 2147 molesta‘
909 2106 1070 2170 apparere
1108 2106 1206 2171 posse

111 2182 298 2264 videbatur,
323 2203 426 2268 quum
446 2180 644 2263 ,immitibus
662 2180 726 2245 illis
746 2183 985 2267 persecutionis
1000 2182 1204 2267 legibusaut

110 2281 265 2364 abrogari
296 2288 354 2344 aut
382 2289 470 2344 certe
504 2278 656 2364 derogari
692 2279 988 2365 intelligeretur‘²):
1013 2280 1071 2345 ubi
1096 2281 1202 2361 vides,

110 2380 290 2444 terminum
315 2378 562 2462 comparativae
587 2379 823 2464 permissionis,
849 2376 881 2445 h.
906 2401 945 2460 e.,
970 2379 1004 2443 id
1022 2379 1111 2465 quod
1127 2378 1205 2443 tole-

110 2480 176 2542 rari
200 2499 296 2564 posse
320 2476 472 2557 edicitur,
497 2498 555 2540 seu
579 2478 803 2562 receptionem
820 2479 1064 2563 propositarum
1081 2477 1203 2561 legum,

110 2600 130 2640 a
154 2577 256 2640 sacris
289 2574 473 2639 canonibus
503 2573 741 2658 recedentium,
778 2577 813 2638 in
846 2583 935 2640 recto
960 2596 1027 2639 non
1052 2574 1203 2639 exhiberi

111 2677 172 2740 sub
196 2675 324 2738 ratione
348 2674 491 2759 alicujus
516 2673 604 2758 boni,
630 2672 719 2760 quod
741 2672 911 2758 legislator
926 2672 1011 2738 ultro
1029 2695 1069 2738 ac
1083 2673 1202 2737 libenti

110 2775 222 2838 animo
247 2793 324 2837 cum
347 2771 588 2858 approbatione
612 2771 776 2855 admittat,
805 2773 862 2836 sed
887 2793 965 2837 vero
991 2770 1052 2835 sub
1075 2773 1204 2860 ratione

110 2870 252 2956 alicujus
275 2871 324 2933 rei
348 2871 509 2936 adversae
542 2878 641 2956 etque
673 2871 818 2953 odiosae,
850 2892 935 2956 quae
960 2871 1098 2934 minoris
1121 2869 1201 2936 mali

110 2971 215 3035 instar
238 2991 316 3051 ,non
340 2971 410 3034 sine
435 2969 586 3034 molestia
609 2968 754 3036 tolerari‘
778 2968 907 3051 debeat,
933 2990 974 3032 ne
991 2965 1118 3030 scilicet
1132 2988 1204 3050 gra·

110 3069 248 3132 vissima
267 3068 400 3152 jactura
424 3069 545 3132 summi
570 3066 649 3130 boni
674 3067 749 3131 fiat:
775 3089 841 3152 qua
865 3065 982 3130 eadem
998 3066 1128 3128 ratione
1143 3073 1203 3128 ter-

109 3167 217 3230 minos
247 3167 495 3250 comparativae
524 3166 753 3251 permissionis
786 3165 910 3230 decreti
944 3165 1139 3232 tolerantiae
1168 3165 1204 3227 in

109 3263 257 3350 antiquie
280 3262 465 3328 canonibus
489 3262 672 3350 descriptos
694 3263 846 3350 legimus.

198 3459 251 3526 30.
280 3456 435 3525 Corollcr.
452 3461 483 3526 4.
508 3458 662 3546 Effectum
676 3460 794 3524 osaea·
810 3460 999 3526 tolerantiae
1010 3459 1110 3546 juxta
1131 3460 1204 3525 doc·

108 3568 195 3623 tores
220 3557 373 3622 classicos
396 3557 533 3623 tradunt
556 3579 626 3622 esse
650 3559 895 3644 ,impunitatem
920 3560 1008 3623 intra
1032 3557 1115 3622 fines
1135 3580 1204 3644 per-

109 3657 226 3720 missos
250 3677 326 3720 cum
345 3655 432 3742 jure,
456 3658 596 3742 nequis
621 3656 831 3742 impediant.

197 3752 329 3839 Duplam
365 3776 441 3839 ergo
482 3753 699 3840 distinguitur
730 3756 894 3846 juridicus
925 3753 1050 3842 affectos
1074 3754 1199 3820 decreti

108 3851 316 3933 tolerantiae3
335 3854 424 3938 prior
439 3852 567 3918 adeum
583 3853 733 3936 refertur,
744 3877 843 3941 quem
855 3853 1201 3938 legislatortolerando

108 3951 245 4034 impune
264 3949 321 4035 jus
345 3953 487 4034 migrare
502 3952 598 4025 sinit;
630 3951 712 4016 alter
727 3962 872 4017 caeteros
888 3951 1040 4016 homines
1056 3951 1202 4035 respicit.

198 4158 219 4226 ¹)
236 4155 307 4211 Vide
325 4155 442 4213 Allccut.
462 4155 544 4216 d23.
563 4155 631 4222 Maii
652 4158 730 4222 1887,
755 4157 785 4213 in
798 4156 900 4212 otvilta
919 4155 1019 4212 Cattol.
1041 4155 1122 4220 1887,
1142 4159 1163 4211 t.
1177 4156 1202 4220 2,

106 4253 151 4308 pp,
169 4235 322 4292 ora-616.
420 4235 442 4305 ⁹)
461 4235 515 4290 cfr.
535 4236 590 4294 Lit.
610 4241 696 4304 apost.
716 4238 752 4292 sd
769 4239 960 4307 arcmepiscop.
980 4235 1109 4292 colonien.
1130 4236 1155 4292 d.
1179 4236 1203 4290 d.

107 4321 132 4376 7.
142 4317 221 4386 April
235 4317 312 4388 1887,
325 4316 355 4370 iu
364 4314 476 4387 ‚Archiv
488 4313 533 4369 fur
542 4315 617 4374 kath.
631 4318 700 4376 KR!
716 4323 736 4376 t.
747 4319 790 4386 58,
800 4335 843 4388 pp.
857 4317 1005 4374 158-161.
1081 4315 1104 4386 3)
1124 4315 1205 4370 Omn-

107 4398 163 4453 ium
187 4398 244 4454 loco
266 4397 412 4452 videantur
430 4396 530 4466 Hugo
550 4397 709 4466 Grotius,
731 4401 774 4454 De
787 4401 853 4468 jare
867 4401 931 4454 belli
949 4404 975 4452 et
990 4398 1082 4468 pacis,
1112 4396 1158 4452 lib.
1181 4399 1203 4463 l,

107 4494 129 4537 c.
151 4481 174 4546 1,
193 4479 226 4550 §5
245 4480 261 4533 9
281 4484 310 4534 et
328 4479 374 4547 173
394 4482 424 4533 et
441 4477 558 4536 Jacob.
577 4479 781 4550 Zallinger,
800 4482 817 4538 l.
838 4499 860 4540 c.

625 4589 682 4662 (19)
1066 4592 1099 4646 a*
