3218 5446
663 510 698 565 11.
718 511 758 564 De
776 509 927 563 rationibus
945 509 1047 562 deuoti
1066 507 1233 562 tolerantiae

403 691 466 755 alle
489 691 600 756 seuole
616 690 846 777 parroechiali,
872 711 937 753 non
954 710 1106 774 possono‚
1122 687 1175 772 pel
1193 697 1370 767 momento,
1387 709 1508 750 essere

403 793 552 874 eseguite
575 793 610 854 in
635 789 767 853 diverse
791 790 876 874 parti
901 786 989 869 degli
1014 786 1239 862 suti-Unio,
1279 785 1373 871 quola
1391 787 1506 871 piano

402 889 544 952 (fazione
564 895 641 975 pao,
664 885 717 950 ael
731 887 920 972 frattempo‚
945 885 1122 971 adoperora
1138 909 1182 948 aa
1196 907 1333 964 vescovo,
1351 907 1509 970 perpro-

403 1011 514 1051 cararc
544 987 738 1051 l’iatrmioue
770 1010 791 1048 a
818 986 890 1069 quei
903 982 1072 1069 foncialli,
1096 985 1110 1045 i
1131 981 1222 1068 paoli
1256 1006 1320 1046 noir
1344 1004 1506 1068 possano,

403 1085 437 1148 in
460 1107 680 1170 consopitam,
705 1099 724 1145 e·
745 1083 780 1147 ol
801 1094 953 1147 momento
978 1081 1109 1160 athenia,
1142 1102 1244 1144 maere
1270 1082 1432 1166 promisti
1466 1081 1508 1144 di

401 1182 505 1246 casole
533 1182 758 1268 parroechiali,
782 1205 799 1243 e
822 1180 890 1244 ullo
919 1181 955 1244 di
981 1182 1033 1245 cai
1061 1181 1245 1244 conditione
1276 1201 1342 1243 nou
1374 1182 1504 1243 batuto

398 1283 561 1366 proseuta
585 1281 629 1344 do
652 1280 723 1367 pisel
749 1280 922 1345 Concuiot‘

491 1378 581 1442 Loco
604 1377 801 1464 amplissimi
817 1378 917 1463 hujus
933 1377 1127 1442 bimembris
1140 1379 1234 1463 petiti
1248 1399 1379 1459 musae,
1395 1377 1504 1442 Sacra

405 1475 636 1561 Congregatio,
660 1479 797 1562 praevia
821 1476 1053 1540 emendatione
1077 1476 1248 1562 petitionis
1270 1475 1371 1557 lacta,
1396 1477 1502 1560 parti-

404 1573 549 1638 cularem
572 1586 672 1661 atque
685 1577 880 1640 restrictivis
892 1585 1087 1659 conceptam
1102 1577 1254 1639 terminis
1268 1577 1500 1660 quaestionem

402 1672 466 1736 sibi
490 1672 685 1737 solvendam
709 1676 859 1760 sumpsit,
896 1673 1039 1737 scilicet:
1073 1673 1173 1754 ,Qual
1205 1673 1353 1757 giudizio
1386 1672 1502 1737 debba

400 1773 542 1856 portarsi
567 1771 640 1836 sull’
664 1772 957 1837 accomodamento
988 1772 1137 1836 adottato
1172 1770 1249 1835 dall'
1281 1773 1500 1835 arcivescovo

401 1867 534 1933 lreland
569 1870 726 1953 riguardo
761 1870 825 1934 alle
858 1869 922 1934 due
957 1869 1068 1935 seuole
1103 1870 1138 1934 di
1169 1869 1345 1934 Faribault
1368 1891 1386 1933 e
1410 1867 1499 1933 Still-

402 1969 541 2032 watcrl‘
587 1968 685 2033 Unde
718 1968 773 2032 hic
805 1991 872 2034 non
896 1968 986 2032 valet
1018 1971 1180 2033 canonica
1212 1969 1499 2054 interpretationis

401 2063 527 2148 regula,
553 2066 641 2151 quod
666 2068 822 2146 ‚rationes
844 2067 987 2152 alicujus
1010 2069 1163 2153 rescripti
1196 2068 1268 2130 sive
1292 2066 1417 2130 decreti
1442 2067 1498 2130 dc·

402 2162 540 2228 beamus
563 2166 608 2228 od
618 2166 762 2251 foratam
781 2167 958 2251 petitionis,
983 2167 1018 2230 in
1042 2165 1155 2230 libello
1181 2164 1368 2230 adhibitam
1399 2166 1498 2229 inter-

402 2263 535 2347 pretori.

488 2459 542 2526 56.
567 2459 693 2524 Verum
717 2463 871 2547 quamvis
899 2462 1044 2525 rationes
1067 2484 1087 2524 a
1111 2460 1206 2524 Rmo.
1230 2459 1496 2545 Archiepiscopo

399 2557 457 2621 alii
482 2581 603 2622 causae
626 2559 793 2624 finiendae
824 2568 933 2623 essent
964 2558 1159 2640 destinatae,
1184 2557 1403 2622 nihilominus
1427 2579 1496 2622 non

400 2657 471 2719 sine
495 2659 564 2720 veri
590 2660 701 2742 specie
725 2658 845 2739 conjici
869 2666 986 2743 potest,
1010 2681 1036 2721 s.
1051 2656 1350 2742 Congregationem
1376 2658 1411 2721 in
1432 2655 1495 2720 sol-

400 2754 510 2820 vendo
535 2755 725 2841 particulari
743 2756 845 2821 dubio
862 2778 881 2819 a
900 2779 935 2820 se
950 2756 1127 2820 reformato
1144 2765 1330 2842 respectum
1347 2755 1494 2840 aliquem

402 2853 436 2915 in
460 2853 604 2917 rationes
627 2855 811 2939 scripturae
834 2854 1036 2918 memorialis
1060 2853 1227 2920 habuisse.

489 2951 542 3015 Ex
566 2954 607 3016 iis
631 2974 730 3016 unam
755 2952 909 3036 vulgavit
932 2953 1119 3037 ephemeris
1150 2953 1244 3035 ,Neu
1268 2951 1365 3016 York
1395 2952 1495 3015 Free-

402 3050 507 3112 man's
553 3050 721 3131 Journal‘‚
768 3050 823 3114 die
861 3052 892 3115 3.
928 3050 1016 3136 Sept.
1054 3052 1158 3132 1892,
1203 3051 1411 3134 desumptam
1451 3073 1496 3128 ex

399 3148 582 3232 scripturae
607 3148 806 3213 memorialis
819 3171 895 3234 pag.
910 3151 995 3231 33¹),
1021 3172 1121 3235 quam
1139 3151 1195 3235 qui
1213 3159 1332 3232 urgent
1346 3151 1493 3234 speciem

400 3240 663 3332 ἐναντιοφανείας
696 3247 783 3310 inter
815 3246 904 3311 hunc
934 3257 1063 3312 textum
1092 3257 1125 3312 et
1157 3247 1331 3333 epistolam
1362 3247 1494 3312 Summi

400 3342 572 3408 Pontificis
596 3344 639 3408 ad
663 3346 834 3430 episcopos
864 3348 1058 3431 provinciae
1088 3346 1377 3410 neo-eboracensis
1401 3345 1433 3412 d.
1459 3347 1493 3412 d.

401 3441 454 3505 23.
479 3441 559 3526 Maji
588 3465 616 3506 a.
642 3442 729 3506 1292
761 3442 874 3507 tollere
910 3446 1062 3508 nituntur
1096 3444 1249 3508 adhibita
1282 3443 1494 3509 Clementina

401 3538 521 3603 Literis
546 3562 600 3604 un.
627 3539 668 3603 dc
692 3539 819 3626 probat.
844 3541 901 3624 (II.
927 3542 960 3625 6)
980 3543 1061 3627 jeta.
1086 3542 1128 3626 gl.

489 3639 542 3703 57.
559 3637 636 3702 Alia
649 3640 731 3702 ratio
749 3641 932 3724 praesentis
957 3639 1080 3705 decreti
1099 3642 1198 3705 etiam
1215 3640 1294 3704 inde
1313 3640 1381 3725 pcti
1397 3662 1493 3725 posse

402 3734 544 3816 videtur,
569 3735 659 3820 quod
682 3735 714 3799 S.
733 3737 953 3821 Congregatio
968 3738 1019 3802 de
1044 3739 1262 3825 Propagande
1278 3738 1361 3802 Fide
1379 3739 1493 3802 intole-

401 3832 498 3896 rabili
534 3833 582 3897 illi
618 3834 737 3898 abusui
769 3838 966 3920 tempestive
990 3858 1163 3901 occurrere
1196 3837 1353 3918 voluerit,
1393 3859 1492 3922 quem

402 3930 511 3995 hostes
536 3932 694 3995 ecclesiae
720 3932 844 3997 Christi
869 3957 911 3998 ex
935 3937 1003 3999 acri
1029 3936 1139 3999 studio
1168 3935 1493 4000 americanizationis

400 4054 419 4092 a
442 4029 536 4096 Rmo.
562 4030 821 4116 Archicpiscopo
846 4032 911 4097 alte
935 4032 1177 4119 proclamatoi),
1202 4055 1268 4096 non
1286 4035 1357 4096 sine
1376 4033 1491 4097 obscu-

490 4278 510 4347 ¹)
528 4279 570 4332 Ex
588 4278 676 4337 literis
694 4280 764 4337 Emi.
783 4281 846 4334 card
875 4282 994 4336 Gibbons
1023 4283 1058 4337 ad
1077 4283 1214 4338 Summum
1234 4281 1394 4336 Pontificem
1419 4283 1445 4339 d.
1464 4283 1489 4339 d.

402 4360 424 4415 l.
444 4359 538 4413 Martii
558 4360 627 4413 1892
656 4364 739 4426 atque
756 4360 786 4412 in
805 4363 954 4429 appendice
971 4363 1125 4430 scripturae
1143 4362 1273 4417 exhibitis
1291 4379 1336 4430 pp.
1359 4364 1435 4416 29-
1446 4363 1490 4422 33.

401 4439 422 4506 ²)
441 4438 496 4496 Cfr.
517 4438 672 4507 Questione‚
690 4456 716 4508 p.
737 4442 779 4496 10.

914 4547 970 4616 (42)
