3218 5446
655 562 691 621 ll.
710 563 751 618 De
769 561 921 617 rationibus
940 561 1042 616 durati
1060 560 1224 615 tolerantiae

484 746 573 810 Dum
597 745 698 829 igitur
722 741 755 806 S.
780 741 1000 826 Congregatio
1026 740 1132 822 ,firma
1157 742 1191 803 in
1208 760 1266 804 suo
1283 738 1407 802 robore
1427 760 1502 801 ma·
1575 735 1579 789 ἶ

394 865 471 908 nere
504 841 603 906 vellet
640 841 773 906 decreta
811 838 1027 904 conciliorum
1061 837 1346 902 baltimorenaium
1386 858 1503 921 supra

393 940 522 1006 scholas
559 938 785 1025 parochialee‘‚
834 937 1025 1002 authentice
1064 935 1258 1018 declaravit,
1297 933 1338 998 de
1371 955 1500 998 eornm

395 1038 506 1102 valore
531 1036 622 1102 nulla
646 1039 781 1103 omnino
805 1037 933 1100 ratione
957 1035 1058 1099 fuisse
1082 1034 1266 1121 quidquam
1289 1053 1348 1118 per
1362 1054 1502 1096 novum

394 1137 457 1202 hoc
481 1158 674 1222 responsum
701 1137 895 1216 detractum,
923 1157 983 1197 nec
1008 1153 1209 1219 quemquam
1234 1129 1417 1196 eorundem
1439 1129 1502 1195 ob-

393 1233 552 1318 ligatione
582 1234 725 1298 solutum
759 1235 911 1310 existere,
944 1231 1150 1316 proindeque
1182 1230 1254 1295 illas
1285 1231 1374 1316 ipsas
1404 1229 1502 1292 duas

395 1333 522 1397 scholae
546 1332 753 1418 parochiales
778 1334 811 1394 in
829 1329 1001 1395 Faribauit
1017 1343 1048 1392 ct
1064 1328 1250 1410 Stillwater,
1267 1327 1391 1414 quibua
1408 1326 1499 1390 tole-

394 1433 502 1495 rantia
526 1441 575 1494 eet
600 1429 738 1506 indulta,
772 1429 914 1493 decretis
944 1426 1235 1490 baltimorensibus
1268 1446 1399 1509 semper
1437 1424 1499 1488 ob-

395 1531 514 1594 noxias
538 1530 698 1592 mansisse
723 1550 762 1591 ac
787 1548 883 1612 porro
908 1547 1053 1590 manere.

483 1625 555 1709 Ast,
580 1627 720 1710 inquies,
752 1625 917 1710 quomodo
942 1623 1112 1688 conciliari
1137 1625 1199 1688 ista
1225 1632 1380 1708 poterunt
1408 1645 1496 1685 curn

394 1725 569 1790 tolerantia
593 1723 781 1787 violationis
805 1724 1012 1787 decretorum
1035 1721 1321 1786 baltimorensium
1346 1721 1431 1805 ipsis
1458 1723 1497 1784 in

395 1844 551 1909 responso
577 1824 759 1905 permissa?
786 1821 958 1908 Numquid
986 1820 1153 1904 legislator
1177 1820 1310 1884 eoadem
1335 1819 1497 1883 subditos

396 1921 512 1986 eodem
536 1930 684 2004 tempore
709 1942 773 1984 uno
799 1931 875 1985 actu
906 1919 1053 2004 obligare
1087 1929 1119 1984 ct
1148 1919 1250 1983 altero
1283 1917 1497 2002 obligatione

396 2017 524 2082 solvere
549 2020 680 2102 potest?

484 2117 526 2180 ΙΙ.
553 2113 743 2202 Compositio
767 2117 851 2179 irrita
873 2117 972 2180 relate
997 2117 1040 2180 ad
1064 2115 1186 2179 scholas
1209 2117 1243 2178 in
1269 2115 1444 2178 Faribault
1465 2126 1498 2177 ct

397 2214 571 2278 Stillwater
594 2214 726 2277 tolerari
751 2269 756 2279 .
783 2264 789 2277 .
810 2225 925 2300 potest.

487 2310 553 2391 Qui
578 2313 745 2374 notionem
769 2310 963 2376 tolerantiae
987 2314 1048 2377 rite
1073 2325 1122 2376 est
1144 2321 1324 2391 assecutus,
1341 2311 1408 2376 duo
1426 2313 1495 2375 ista

397 2409 494 2474 facile
512 2418 695 2494 componet.
721 2409 911 2474 Tolerantia
933 2412 1056 2496 quippe
1072 2433 1137 2474 non
1155 2419 1204 2473 θεῖ
1216 2411 1302 2473 actio
1319 2408 1402 2493 legis
1417 2412 1495 2473 sive

396 2507 603 2593 legislatoris,
622 2507 678 2571 sed
696 2509 837 2572 aetionis
853 2511 1002 2594 negati03
1020 2510 1170 2573 consistit
1184 2509 1274 2572 enim
1289 2510 1324 2572 in
1336 2519 1425 2593 ,actu
1437 2530 1494 2572 ne-

397 2608 509 2690 gativo
522 2615 659 2669 sonante
670 2607 703 2668 in
714 2607 804 2690 pati‘,
827 2609 883 2692 qui
901 2629 1008 2692 neque
1024 2606 1183 2672 relaxatio
1208 2606 1290 2691 legis
1310 2619 1360 2672 est
1381 2631 1495 2694 neque

397 2703 592 2790 approbatio
601 2705 843 2789 reipermissae,
857 2726 969 2769 verum
983 2707 1114 2790 proprie
1126 2706 1288 2770 dicituret
1298 2715 1348 2770 eet
1358 2727 1493 2790 compa-

398 2805 505 2866 rativa
528 2803 710 2886 permissio,
726 2825 791 2888 que
815 2802 980 2886 legislator
1001 2805 1161 2888 gravibus
1183 2804 1224 2869 de
1242 2807 1350 2868 causis
1367 2805 1492 2885 ,mode-

397 2903 524 2965 ratione
548 2923 587 2964 ac
604 2901 779 2986 prudentia
790 2901 885 2966 duee‘
901 2905 1064 2988 patienter
1079 2902 1143 2967 fert
1154 2913 1254 2989 atque
1265 2905 1402 2990 impunc
1417 2903 1492 2966 lieri

398 3001 486 3080 sinit,
509 3021 593 3084 quae
621 2998 750 3083 legibus
772 3010 849 3064 sunt
869 3002 982 3082 vetita,
1007 3000 1120 3065 addito
1139 3003 1226 3087 jure,
1246 3003 1381 3087 nequis
1404 3001 1493 3065 alius

399 3097 596 3182 impediat1).

487 3195 539 3258 De
563 3195 664 3259 altero
690 3196 751 3259 hoc
775 3198 923 3282 responsi
949 3198 1053 3260 inciso
1079 3199 1180 3280 igitur
1204 3197 1490 3261 sicestarbitran-

400 3293 491 3372 dum,
517 3303 561 3374 ut,
586 3293 664 3357 licet
687 3294 862 3359 tolerantia
893 3317 930 3358 eo
956 3297 1117 3380 permissa
1150 3318 1258 3382 neque
1291 3296 1490 3381 approbatio

399 3393 630 3455 conventionis
654 3394 825 3478 sitneque
850 3392 1059 3478 improbati0,
1085 3394 1119 3457 id
1145 3404 1254 3458 tamen
1273 3405 1435 3479 operetur,
1454 3405 1492 3458 ut

400 3491 575 3552 conventio
601 3491 687 3554 intra
711 3493 867 3554 terminos
891 3494 926 3555 in
951 3492 1082 3556 decreto
1099 3515 1272 3577 expressos
1292 3495 1428 3578 impunc
1444 3505 1490 3556 at-

400 3609 464 3672 que
489 3587 726 3672 imperturbate
750 3591 874 3652 servari
899 3593 1010 3675 possit.

487 3684 531 3747 Et
555 3683 637 3748 haec
660 3685 794 3770 quidem
821 3687 862 3750 de
887 3690 957 3772 ipso
983 3699 1075 3752 textu
1102 3688 1266 3774 decrerit).
1316 3689 1366 3752 De
1392 3691 1486 3752 inter-

400 3783 582 3868 pretatione
607 3786 740 3868 proprio
765 3783 836 3848 loco
861 3796 978 3869 agetur
1002 3788 1061 3872 (nn
1085 3787 1128 3851 58
1152 3789 1222 3872 sq).

490 4012 510 4082 ¹)
540 4013 617 4068 Inter
636 4019 743 4068 caetera
770 4015 856 4069 recole
881 4031 950 4083 quae
980 4026 1011 4071 ta
1042 4017 1166 4084 superius
1197 4022 1262 4072 aunt
1292 4033 1318 4072 n.
1344 4019 1377 4072 nl
1398 4023 1427 4072 et
1445 4019 1487 4076 30.

401 4093 422 4163 ²)
442 4092 672 4160 Quumconventio
685 4096 787 4152 aRmo.
807 4097 874 4154 Dno.
893 4096 1091 4165 archiepiscopo
1110 4113 1131 4152 ε,
1148 4097 1226 4152 Pauli
1245 4098 1316 4152 inita
1338 4114 1372 4152 ex
1390 4098 1489 4166 duplici

400 4173 489 4242 capite
512 4174 667 4242 impugnari
691 4189 769 4242 posse
786 4175 932 4244 videretur,
953 4177 1022 4244 quod
1040 4177 1167 4231 nimirum
1189 4183 1218 4232 et
1235 4178 1389 4233 involveret
1406 4179 1489 4232 viola·

400 4253 501 4306 tionem
519 4254 659 4308 interdicti
678 4254 799 4308 canonici
823 4257 865 4322 ‚de
884 4257 963 4311 rebus
975 4275 1007 4312 ac
1013 4258 1119 4326 juribus
1130 4259 1258 4312 ecelesiae
1271 4274 1325 4312 non
1338 4259 1488 4313 alienandis

400 4333 470 4402 (heic
484 4350 510 4389 n.
525 4336 577 4404 61),
597 4336 809 4402 censuraetiam,
832 4343 864 4392 ut
876 4338 969 4393 multis
988 4338 1105 4409 videtur,
1124 4339 1231 4404 nunniti,
1260 4344 1288 4393 ct
1307 4343 1377 4393 esset
1396 4351 1490 4393 eontra

398 4413 474 4483 leges
498 4415 639 4482 synodicas
657 4415 823 4471 Baltimorae
847 4419 978 4475 sancitas:
997 4419 1094 4472 mirum
1113 4418 1184 4473 forte
1203 4419 1313 4485 accidet,
1334 4419 1404 4486 quod
1430 4427 1488 4474 tan·

407 4511 452 4551 um
477 4495 646 4550 decretorum
671 4495 903 4551 baltimorensium
921 4499 1022 4552 mentio
1042 4497 1091 4552 fiat
1109 4499 1138 4552 in
1156 4516 1177 4556 s.
1198 4497 1426 4571 Congregationis
1449 4516 1488 4559 re-

912 4604 968 4678 (38)
