3218 5446
388 565 422 606 ex
436 550 499 619 jure
517 567 570 604 non
589 551 679 606 clauso
696 549 870 618 depromptis
888 567 933 606 nn
945 553 1053 606 42-43

174 740 313 813 tantum,
338 731 436 795 medo
461 741 571 796 tamen
597 741 786 796 contractus
810 735 852 795 sit
875 755 918 795 ex
934 755 993 796 sua
1010 742 1128 797 natura
1144 732 1264 819 licitus,

174 839 207 894 et
236 838 366 894 tautum
398 829 603 894 solummodo
641 830 859 916 'impendant,·
897 839 1059 916 quantum
1090 830 1263 898 honestum

173 929 411 1014 patrimonium
429 928 618 1010 'constituit‘
624 928 656 1009 ¹).
1010 999 1012 1006 Α

229 1097 232 1104 ,
264 1026 339 1106 Quo
364 1041 406 1089 ex
429 1026 588 1110 rescripto
623 1029 720 1092 etiam
747 1026 892 1111 colliges,
927 1029 962 1090 in
994 1028 1266 1113 interpretatione

174 1127 298 1191 decreti
333 1124 526 1188 tolerantiae
559 1126 758 1189 nominatim
789 1135 919 1210 praeter
949 1124 1031 1189 alias
1064 1127 1195 1210 regulas
1219 1121 1265 1193 re-

173 1227 340 1298 strictivas
373 1221 599 1286 adhibendam
637 1246 708 1287 esse
740 1245 891 1288 normam
916 1245 1044 1287 canone
1078 1224 1177 1304 Quod
1204 1249 1264 1312 pro

173 1315 320 1387 remedio
345 1319 381 1386 C.
401 1319 429 1387 I.
455 1342 485 1405 q.
512 1321 542 1403 7,
567 1323 787 1407 propositam:
811 1321 924 1402 ,Quod
942 1324 1121 1386 necessitas
1143 1347 1201 1410 pro
1218 1347 1265 1389 re·

173 1421 282 1485 medio
306 1421 438 1504 reperit,
463 1429 613 1494 cessante
638 1421 752 1506 utique
784 1422 981 1484 necessitate
1007 1420 1105 1485 debet
1137 1445 1265 1487 cessare

173 1521 306 1604 pariter,
331 1515 419 1604 quod
437 1516 590 1602 urgebat:
615 1519 694 1603 quia
706 1517 797 1582 aliud
814 1527 862 1582 est
879 1518 958 1582 ordo
976 1518 1152 1603 legitimus,
1170 1521 1262 1586 aliud

173 1617 262 1703 quod
286 1617 455 1700 usurpatio
480 1615 522 1680 ad
548 1611 703 1702 praesens
728 1616 799 1680 lieri
823 1627 954 1702 tempus
977 1616 1168 1702 impellit‘.sp

172 1904 352 1968 Decretum
377 1903 571 1968 tolerantiae
596 1901 639 1966 ad
664 1904 906 1966 controversias
930 1903 1017 1967 inter
1041 1903 1162 1969 Sedem
1175 1908 1253 1990 Apo

306 2019 456 2084 stolicam
481 2029 514 2082 et
536 2041 648 2103 regem
673 2018 848 2083 Sardiniae
873 2020 1130 2105 componendas.

212 2227 214 2231 '
245 2207 312 2283 ‘43.
334 2214 400 2280 Sed
415 2214 533 2280 nullibi
549 2211 670 2280 clarius
687 2224 777 2301 patet
789 2217 872 2280 ratio
884 2216 1121 2303 atqueindoles
1137 2216 1261 2283 decreti

171 2309 365 2380 tolerantiae
377 2336 476 2400 quam
487 2337 521 2378 rn
533 2315 616 2378 actis
627 2313 723 2378 Sedis
734 2313 957 2400 Apostolieae,
968 2315 1089 2402 quibus
1106 2317 1265 2402 antiquae

173 2415 426 2496 controversiae,
443 2415 530 2480 inter
540 2411 697 2478 Sanctam
715 2411 836 2478 Sedem
853 2423 886 2476 et
902 2411 1012 2478 aulam
1037 2405 1264 2479 taurinensem

172 2513 230 2576 diu
240 2514 383 2601 agitatae
394 2512 528 2598 fuerunt
542 2511 648 2577 amice
662 2513 873 2597 compositae.
899 2513 939 2576 In
957 2513 997 2576 iis
1010 2520 1132 2594 autem,
1153 2512 1266 2599 discri-

172 2611 362 2676 mine'facto
388 2611 473 2674 inter
489 2625 550 2692 res,
576 2632 659 2696 quas
672 2610 763 2695 Papa
780 2619 856 2674 actu
869 2612 1012 2695 positivo
1032 2619 1157 2696 posset,
1183 2598 1266 2675 inita

171 2711 402 2791 conventione,
428 2709 623 2796 approbare,
649 2717 682 2772 et
704 2731 766 2788 res,
787 2717 881 2794 'quas
906 2707 995 2773 nullo
1020 2719 1096 2773 actu
1123 2710 1265 2795 positivo

171 2809 371 2890 concedere·
385 2806 447 2894 sed
472 2799 577 2870 solum
603 2830 662 2893 per
677 2809 1007 2893 actumnegativum3
1033 2817 1207 2872 sonantem
1231 2811 1266 2872 in

171 2909 250 2994 pati,
276 2907 411 2970 tolerare
434 2904 609 2992 valerct²):
649 2929 701 2970 res
725 2905 1041 2993 tolerabilea‘pacis
1074 2930 1184 2996 eausa,
1211 2907 1263 2970 de·

170 3006 249 3070 biti's
273 3004 334 3092 sub
360 3004 572 3088 cautionibus
598 3023 632 3068 se
657 2999 822 3090 patienter
847 3005 1061 3070 toleraturum
1092 3005 1265 3091 profitetur

171 3104 337 3185 Pontifex,
363 3112 400 3165 ut
422 3101 509 3185 ecce,
535 3104 624 3166 circa
648 3103 815 3189 placatum
840 3103 979 3188 regium,
1006 3097 1150 3188 benigne
1174 3103 1266 3192 polli-

171 3212 272 3284 cetur,
298 3204 406 3288 sinere
429 3222 463 3264 se
479 3200 551 3264 lieri
576 3193 771 3287 ‚simplicem
788 3203 1039 3287 inspectionem,
1056 3202 1147 3266 nullo
1162 3200 1267 3265 literis

171 3300 361 3387 apostolicis
385 3300 536 3385 apposito
561 3300 666 3383 signo,
692 3299 745 3364 vel
771 3299 902 3363 decreto
927 3299 970 3363 ad
1001 3322 1115 3383 earum
1150 3321 1268 3384 enecu-¹

170 3403 295 3488 tionem
310 3396 445 3478 ,date‘⁵).
494 3397 685 3462 Tolerantia
709 3399 811 3483 igitur
834 3399 967 3484 proprie
992 3398 1083 3463 diota
1107 3397 1150 3462 ab
1176 3399 1266 3462 omni

170 3499 280 3586 specie
305 3496 556 3584 approbationis
579 3493 745 3561 abhorret.

173 3693 386 3706 n-n—-u-——ffl

261 3852 284 3925 1)
302 3853 410 3908 Decret.
421 3851 486 3907 edit.
502 3851 527 3907 d.
541 3852 576 3905 23
585 3851 708 3906 novemb.
730 3851 798 3906 1665
817 3855 887 3918 (Act.
907 3851 932 3908 S.
952 3852 1011 3906 Sed.
1032 3869 1093 3910 ann.
1114 3852 1193 3919 1892,
1212 3853 1266 3909 vol.

170 3935 213 3996 24,
233 3935 347 4002 append.
366 3934 392 3999 3,
410 3930 528 4000 poss).
553 3945 555 3949 ’
621 3928 651 4002 'j'
662 3929 763 3986 Recole
780 3930 856 3999 'quae
884 3949 917 3989 ea
943 3934 976 3988 de
1004 3932 1189 3988 controversia
1207 3933 1266 4002 jam

168 4030 251 4083 snpra
263 4021 329 4068 sunt
342 4015 475 4068 adnotata
487 4029 513 4070 n.
528 4015 552 4068 7.
622 4011 643 4081 ³)
663 4013 711 4083 ‚La
723 4013 839 4067 soconda
851 4029 919 4080 cosa,
940 4029 1019 4082 sopra
1038 4013 1065 4066 di
1085 4013 1128 4067 cui
1141 4013 1169 4067 la
1181 4009 1268 4069 Sa'nta

169 4095 236 4151 Sede
255 4093 411 4163 Apostolica
424 4099 574 4162 rtorrpuote
588 4093 634 4146 che
654 4091 790 4160 tollerare,
811 4096 826 4148 e
845 4094 935 4161 quella
953 4093 1014 4149 dell’
1034 4093 1194 4161 Exequatur
1208 4089 1268 4161 pre·

169 4181 228 4232 teso
242 4176 315 4230 dalla
325 4177 433 4244 potesta
442 4189 490 4242 per
508 4173 533 4228 lc
551 4173 621 4228 bolla
640 4173 908 4242 ebreviApostolici,
932 4191 947 4229 e
965 4175 993 4228 la
1007 4177 1160 4228 tolleranter
1179 4174 1208 4227 in
1226 4173 1267 4227 tal

168 4257 306 4326 proposito
334 4256 357 4309 si
377 4254 451 4321 arra,
471 4255 576 4321 quando
595 4253 771 4321 l'llx'eqnatur
789 4256 814 4309 si
832 4256 925 4310 riduca
944 4255 999 4309 alla
1018 4255 1143 4323 semplice
1166 4253 1267 4318 visura,

168 4353 250 4394 senza
262 4351 377 4406 apporre
389 4334 468 4390 alcun
481 4350 566 4404 segne
579 4351 594 4389 o
607 4334 652 4388 far
670 4335 749 4388 alcun
767 4335 875 4388 decreto
894 4335 923 4390 in
942 4336 1035 4389 ordine
1054 4334 1099 4388 all’
1111 4333 1268 4389 esecuzione

168 4418 238 4474 delle
251 4419 327 4473 dette
339 4417 410 4472 bolle
420 4433 435 4470 c
444 4416 537 4471 brevi‘.
558 4415 612 4472 Cfr.
625 4415 733 4469 Traites
743 4414 855 4482 publica,
865 4415 931 4469 locis
940 4415 1066 4483 superius
1077 4413 1126 4468 sub
1136 4429 1163 4467 n.
1178 4413 1194 4467 7
1210 4412 1267 4481 jam

169 4499 297 4554 indicatis
862 4497 865 4502 ’
1067 4493 1079 4499 ”
1265 4491 1269 4498 ’

691 4603 748 4672 (29)
