3218 5446
690 519 713 576 Ι.
733 521 773 574 De
792 525 892 574 natura
910 517 1081 575 tolerantiae.

1065 627 1433 640 ——-—-—----—·

339 701 456 784 lamus,
489 704 642 787 ignorare
675 701 831 766 videmur
853 710 886 765 et
909 700 1016 764 videri
1046 698 1245 784 volumue¹);
1281 721 1320 762 ea
1353 718 1432 761 vero

340 822 425 886 quae
449 800 636 882 toleramus,
661 821 721 864 nos
751 801 835 864 soire
859 808 892 863 et
914 800 1079 885 patienter
1101 797 1187 862 ferre
1211 796 1317 863 videri
1341 795 1432 859 volu·

340 919 423 976 mus,
448 909 480 962 et
504 899 703 985 quandoque
727 897 861 984 publiea
885 897 1103 962 declaramus.

429 1059 459 1123 6.
489 1059 595 1124 Juetie
625 1058 832 1144 pedoribusque
865 1060 971 1123 oaueie
1004 1058 1112 1122 omnia
1136 1056 1311 1122 tolerantia
1333 1055 1432 1120 hone-

340 1156 419 1218 stari
445 1155 552 1221 debet.

428 1254 601 1339 Ejusmodi
617 1277 746 1336 causae,
762 1258 797 1320 in
814 1255 936 1343 quibus
953 1254 1127 1326 tolerantia
1144 1253 1248 1318 veluti
1260 1252 1430 1330 fundatur,

339 1350 382 1414 ad
406 1353 470 1415 tria
492 1350 575 1416 haee
600 1356 710 1438 capita
733 1354 954 1430 reducuntur;
988 1353 1063 1417 ideo
1096 1354 1185 1416 enim
1218 1373 1303 1438 quae
1336 1349 1432 1415 nobis

340 1470 407 1513 non
441 1450 622 1534 probantur
645 1451 699 1515 vel
732 1454 873 1517 adverse
897 1452 1064 1536 videntur,
1099 1451 1265 1536 patienter
1296 1450 1434 1514 ferimus

340 1569 401 1611 neo
425 1548 636 1633 impedimus,
666 1553 744 1636 quia
768 1550 821 1614 vel
845 1550 982 1636 dejure
1005 1572 1069 1613 non
1094 1549 1247 1631 debemus,
1284 1546 1338 1611 vel
1369 1567 1433 1612 non

334 1668 502 1731 possumus
525 1648 697 1732 impedire,
723 1649 776 1712 vel
808 1672 847 1713 ea
871 1649 1034 1733 impedire
1056 1671 1121 1712 non
1145 1647 1281 1734 eaepedit.
1320 1645 1433 1710 Prima

338 1746 421 1808 ratio
447 1753 495 1808 est
517 1746 772 1832 impedimentum
789 1749 877 1837 juria
901 1749 972 1811 sive
996 1747 1083 1834 lepis,
1108 1745 1212 1810 altera
1231 1745 1434 1831 impedimen·

340 1851 404 1905 tum
426 1853 571 1925 naturae,
596 1847 693 1909 tertia
727 1845 985 1930 impedimentum
1017 1845 1179 1908 utilitatis.

429 1941 483 2004 Ex
505 1942 728 2028 impedimento
754 1943 832 2028 lepis
856 1940 965 2008 civilis
981 1942 1158 2007 tolerantia
1175 1942 1344 2005 variarum
1361 1939 1432 2003 reli—

339 2041 476 2124 gionum
504 2041 576 2124 jam
609 2041 678 2104 fere
712 2041 836 2127 ubique
868 2051 917 2106 est
949 2064 992 2106 ex
1016 2042 1093 2127 jure
1124 2040 1267 2126 positivo
1302 2035 1432 2119 debita;

339 2138 594 2222 impedimentum
624 2150 761 2203 naturae
793 2142 881 2225 cogit
914 2161 973 2204 nos
1005 2141 1170 2225 patienter
1192 2135 1277 2200 lerre
1302 2134 1434 2199 talami-

339 2243 423 2298 tates
451 2234 561 2299 subito
592 2249 807 2322 emergentes,
839 2240 985 2303 maxime
1016 2236 1193 2317 naturales,
1226 2257 1257 2300 v.
1280 2256 1311 2319 g.
1336 2255 1431 2318 gran-

340 2332 463 2414 dinem,
489 2334 626 2418 imbres3
651 2337 908 2422 impedimentum
931 2337 1087 2401 utilitatis
1109 2334 1243 2400 tandem
1260 2333 1372 2414 efficit,
1397 2341 1435 2395 ut

339 2435 536 2512 ,eommunis
561 2433 640 2498 boni
666 2457 776 2513 eausa,
802 2445 834 2498 et
858 2434 922 2500 hae
946 2444 1077 2498 tuntum
1109 2455 1220 2514 eausa,
1252 2433 1357 2517 possit
1380 2431 1434 2495 vel

340 2531 439 2594 etiam
456 2531 575 2595 debeat
598 2531 653 2595 lex
676 2531 850 2596 hominum
866 2532 960 2618 ferre
978 2533 1151 2598 toleranter
1174 2528 1357 2613 malum‘²);
1383 2529 1433 2592 ni-

340 2631 459 2694 mirum
484 2639 529 2712 ,et
552 2633 586 2693 in
611 2632 772 2715 regimine
797 2630 943 2696 humano
968 2630 1026 2712 illi,
1063 2632 1119 2718 qui
1144 2638 1313 2716 praesunt,
1345 2637 1434 2691 reete

340 2726 451 2813 aliqua
476 2728 562 2792 mala
593 2728 742 2810 tolerant,
776 2752 817 2793 ne
850 2729 963 2815 eliqua
996 2729 1083 2793 bona
1112 2726 1347 2814 impediantur,
1381 2724 1434 2789 vel

340 2827 438 2888 etium
465 2848 506 2889 ne
530 2825 642 2912 aliqua
667 2829 779 2913 pejora
804 2827 1069 2914 incurrantur‘t).

430 2925 458 2989 7.
485 2922 579 3003 Quae
604 2928 650 2989 ita
675 2929 830 3011 princeps
861 2925 1015 2990 utilitatis
1040 2924 1195 3012 publicae
1219 2944 1330 3002 eausa,
1355 2921 1433 2986 tole·

339 3020 442 3085 raudo
453 3023 531 3085 sinit
540 3025 572 3086 in
584 3026 741 3087 sooietate
749 3025 830 3107 fieri,
838 3027 917 3088 eain
923 3025 1099 3109 juresaoro
1111 3033 1263 3087 censetur
1271 3043 1434 3106 eompara-

340 3120 406 3183 tion
425 3122 644 3205 permissione,
669 3145 734 3187 non
756 3122 951 3205 resistendo,
976 3123 1166 3204 admittere3
1192 3132 1235 3204 ,et
1249 3119 1433 3186 secundum

340 3217 427 3281 hano
451 3221 699 3303 permissionem
724 3221 805 3285 dicit
829 3243 947 3299 canon,
980 3221 1069 3307 quod
1093 3243 1141 3302 ea,
1167 3241 1252 3306 quae
1275 3219 1440 3303 permitti--

341 3339 423 3396 mus,
447 3339 511 3380 non
535 3318 758 3404 approbamus,
784 3329 820 3383 ut
835 3318 870 3385 O.
889 3321 965 3384 Hae
989 3321 1117 3383 ratione
1132 3319 1163 3401 9,
1182 3316 1281 3398 031,
1305 3339 1337 3403 q.
1356 3315 1432 3398 l‘⁴):

339 3495 441 3550 tionem
459 3494 542 3549 habet
561 3497 754 3562 continentum
780 3497 810 3549 in
825 3496 888 3564 jura
907 3496 1006 3565 quippe
1024 3494 1176 3561 connivere,
1195 3493 1222 3551 h.
1241 3509 1264 3551 a.
1286 3495 1432 3548 conroioen-

340 3579 415 3631 tibus
435 3578 523 3631 oeulis
543 3575 645 3642 aliquid
664 3577 824 3644 permittere
843 3577 1004 3632 tantundem
1022 3577 1105 3642 valet,
1121 3591 1152 3629 ao
1171 3575 1342 3629 dissimulare
1356 3574 1435 3628 atrie-

340 3665 399 3712 tum
415 3657 467 3724 Jus.
506 3657 658 3723 Utrumque
681 3672 785 3722 nomen,
817 3657 998 3711 dissimulatio
1023 3662 1052 3710 et
1076 3655 1259 3722 conniventia,
1284 3655 1434 3710 identidem

339 3739 396 3792 lato
413 3752 493 3791 sensu
512 3753 560 3804 pro
576 3736 746 3810 ,tolerantia‘
766 3737 892 3793 sumitur.
1434 3758 1436 3765 ,

432 3816 456 3887 ι)
473 3818 513 3872 De
532 3816 747 3872 dissimulatione
766 3817 883 3872 lectione
902 3816 1015 3886 dignum
1034 3821 1077 3872 est
1096 3816 1123 3876 0,
1144 3815 1230 3884 Super
1253 3831 1284 3870 eo
1313 3818 1338 3871 3.
1358 3815 1382 3868 Χ
1401 3814 1435 3868 de

340 3903 449 3968 eognat.
468 3895 556 3965 spirit.
577 3897 635 3972 (IV,
658 3898 708 3966 11).
789 3898 812 3967 2)
831 3899 877 3952 lte
895 3898 939 3954 SS.
960 3899 991 3951 D.
1012 3899 1044 3954 N.
1063 3897 1131 3952 Leo
1150 3897 1209 3953 ΡΡ.
1230 3896 1305 3956 XIII,
1324 3895 1434 3963 Enoyel.

340 3981 373 4033 de
391 3979 520 4032 libertate
545 3977 664 4032 hnmana
691 3978 755 4034 edit.
782 3979 807 4034 d.
829 3981 862 4032 20
883 3977 956 4047 junii
976 3978 1054 4034 1888.
1146 3977 1167 4046 ⁸)
1186 3977 1212 4034 S.
1230 3976 1343 4034 Thom.
1362 3979 1388 4033 2.
1408 3977 1434 4032 2.

340 4075 365 4126 q.
387 4059 420 4112 10
439 4062 491 4114 art.
512 4060 554 4114 11.
628 4059 650 4125 ⁴)
671 4059 694 4112 A
714 4059 899 4128 comparativa
918 4058 1094 4127 permissione
1112 4057 1221 4112 omniuo
1239 4057 1357 4111 alienam
1376 4071 1435 4110 esse

340 4137 562 4206 approbationem
580 4139 774 4208 permittentis,
800 4140 850 4193 hoa
874 4155 977 4195 oenone
1002 4137 1157 4193 ostenditur
1176 4137 1297 4207 exemplo
1324 4136 1434 4207 Moysis,

341 4218 387 4284 qui
412 4218 545 4286 ,permisit
569 4218 628 4273 dori
647 4220 766 4273 libellum
791 4220 905 4289 repudii,
930 4226 962 4274 ut
980 4219 1118 4273 vitaretur
1137 4217 1332 4286 homicidium‘3
1352 4232 1434 4284 quum

341 4298 412 4351 enim
431 4297 523 4362 ,melas
541 4297 677 4353 hommum
696 4299 851 4354 voluntates
870 4300 1031 4368 adplenum
1055 4299 1178 4353 cohibere
1202 4314 1257 4366 non
1282 4297 1433 4367 potuissat‘,

340 4379 428 4433 minus
448 4379 548 4432 malum
566 4379 670 4444 ,nolens
688 4379 819 4447 permisit,
838 4386 871 4434 ut
890 4380 977 4448 majus
996 4379 1166 4435 evitaretur.
1189 4379 1235 4432 Ita
1253 4379 1291 4447 gl.
1311 4377 1436 4431 adhunc

341 4465 370 4512 et
389 4459 456 4512 alios
475 4475 590 4514 oenones
609 4460 716 4518 citatos.
1438 4464 1440 4469 ’

868 4568 906 4636 l4)
