3218 5446
637 523 675 582 11.
694 523 734 578 De
751 521 903 578 rationibus
921 521 1023 576 decreti
1042 520 1206 576 tolerantiae

901 755 956 808 A.

578 860 740 954 Exempla
762 859 965 935 tolerantiae
990 881 1031 934 ex
1051 859 1127 950 lure
1152 859 1276 933 alenae.

378 1030 535 1093 Exempla
554 1042 594 1079 ex
613 1026 739 1078 demeto
758 1025 907 1077 Gratiani
926 1024 1109 1088 desumpta:
1129 1037 1202 1076 oum
1220 1024 1314 1076 brevi
1330 1024 1476 1078 declara·

705 1109 794 1160 ,tione
813 1107 934 1158 decreti
950 1106 1150 1158 tolerantiae.

466 1273 519 1338 21.
554 1269 693 1334 Initium
725 1266 878 1355 ducimus
901 1289 921 1332 a
944 1267 1117 1331 notissima
1154 1264 1211 1330 illa
1245 1273 1278 1329 et
1306 1263 1474 1350 ‚pulchra‘

377 1370 486 1456 glossa
516 1368 559 1434 ad
583 1389 610 1433 c.
636 1365 754 1431 Omnis
784 1365 817 1430 4.
849 1364 904 1432 fin.
932 1365 1005 1431 dist.
1031 1365 1062 1447 3,
1095 1387 1127 1430 v.
1146 1363 1348 1450 permittit¹),
1384 1385 1470 1450 quae

377 1468 537 1532 tulisset:
575 1463 705 1545 ,Tribus
736 1464 838 1527 modis
871 1463 995 1528 dicitur
1028 1460 1155 1549 aliquid
1191 1461 1347 1547 permitti.
1401 1461 1469 1526 Uno

379 1566 486 1648 modo,
502 1563 591 1652 quod
607 1561 696 1627 nullo
705 1562 782 1648 jure
799 1560 1005 1647 prohibetur:
1023 1569 1058 1625 ut
1071 1561 1235 1626 secundas
1245 1561 1380 1646 nuptias
1395 1581 1470 1624 con-

375 1665 515 1730 trahere.
540 1661 683 1727 Secundo
707 1658 815 1739 modo,
839 1660 928 1745 quod
953 1669 1067 1724 contra
1091 1660 1343 1724 constitutiones
1356 1657 1470 1723 huma·

376 1787 437 1828 nas
459 1761 660 1843 indulgetur,
685 1767 722 1822 ut
745 1756 939 1822 contrahere
963 1759 997 1822 in
1022 1757 1128 1842 gradu
1152 1756 1329 1844 prohibito,
1364 1767 1396 1822 at
1420 1767 1470 1821 est

375 1861 546 1926 haeooerc
558 1857 740 1945 permissio,
765 1864 798 1920 et
822 1856 944 1920 dicitur
968 1855 1115 1921 absoluto
1124 1855 1334 1944 permistim).
1361 1856 1469 1920 Tertio

376 1959 474 2025 modo
500 1957 621 2022 dicitur
645 1954 797 2019 illicitum
821 1956 976 2040 permitti,
1011 1964 1049 2019 ut
1081 1957 1187 2039 magis
1211 1955 1363 2019 illicitum
1387 1955 1469 2018 vite·

376 2067 439 2137 tur,
467 2066 505 2119 ut
534 2052 794 2138 (immoderatae)
824 2055 1080 2117 comessationes
1112 2053 1166 2118 die
1196 2051 1403 2136 dominicae,
1437 2061 1470 2116 et

376 2155 578 2243 permittitur
594 2150 803 2235 adulterium,
828 2173 870 2214 ne
894 2150 953 2216 fiat
969 2151 1198 2233 homicidium,
1223 2149 1308 2217 uto.
1327 2149 1362 2214 Si
1379 2149 1471 2236 quod

376 2256 488 2318 verius
512 2251 548 2318 O.
574 2251 627 2331 33,
652 2272 683 2336 q.
706 2249 765 2333 24).
812 2249 856 2313 Et
879 2249 962 2313 haec
995 2248 1119 2314 dicitur
1153 2250 1373 2336 comparativo
1395 2272 1468 2336 pcr-

376 2353 501 2434 nn'asio,·
524 2350 582 2414 sed
606 2350 716 2435 potius
736 2346 922 2434 appellatur
949 2347 1129 2430 tolerantia,
1154 2370 1254 2435 quam
1278 2348 1467 2434 permissio;

375 2459 408 2514 et
432 2448 615 2514 secundum
640 2446 727 2510 hanc
746 2447 996 2532 permissionem
1031 2446 1112 2510 dicit
1145 2468 1262 2529 canon,
1296 2445 1384 2533 quod
1418 2467 1467 2528 ea,

375 2571 461 2635 quae
482 2546 714 2634 permittimus,
739 2566 806 2608 non
837 2543 1105 2630 approbamua⁵);
1131 2554 1163 2609 et
1186 2545 1369 2609 secundum
1394 2567 1468 2608 ean·

376 2647 451 2711 dam
475 2645 725 2732 permissionem
755 2643 838 2708 dicit
865 2635 1076 2726 decretalisss'),
1102 2643 1190 2730 quod
1214 2642 1330 2726 ,multa
1353 2641 1467 2708 tolera-

375 2767 459 2825 mus,
482 2764 568 2830 quae
599 2743 627 2806 si
651 2742 685 2805 in
703 2740 871 2826 judicium
888 2741 1137 2825 deduceremus,
1162 2741 1389 2808 cassarentur‘.
1413 2743 1467 2805 De

373 2842 437 2907 hoe
456 2842 510 2926 (de
528 2841 755 2925 comparativa
778 2840 995 2925 permissione
1019 2841 1090 2904 sive
1103 2839 1144 2904 de
1161 2838 1349 2924 tolerantia)
1366 2842 1466 2905 etiam

374 2939 522 3027 loquitur
544 2936 581 3003 O.
606 2938 652 3002 Hi
675 2939 732 3024 qui
757 2939 787 3004 3.
814 2935 850 3003 O.
876 2937 929 3004 26.
954 2959 984 3024 q.
1008 2938 1038 3005 2.

462 3039 515 3102 22.
532 3037 703 3122 Enipeum
712 3035 816 3118 illum,
827 3038 883 3123 qui
895 3036 949 3100 hic
959 3038 1088 3120 citatur,
1100 3060 1261 3102 canonem
1274 3039 1468 3104 authentica

373 3159 433 3200 sua
456 3137 726 3221 interpretatione
750 3134 964 3201 illustratum:
988 3136 1045 3219 ,Hi
1070 3139 1126 3222 qui
1151 3137 1192 3201 de
1216 3139 1347 3224 paginis
1364 3159 1466 3212 evan,-

375 3233 491 3320 gelicis
525 3240 628 3298 sortes
660 3233 785 3317 legunt,
820 3236 880 3298 etsi
912 3234 1095 3321 optandum
1127 3244 1186 3319 est,
1218 3244 1254 3300 ut
1288 3235 1324 3301 id
1355 3237 1466 3323 potius

371 3331 507 3414 faciant,
532 3353 631 3417 quam
655 3331 698 3395 ad
716 3331 892 3397 mamonis
910 3331 1112 3398 consulenda
1128 3343 1341 3418 concurrant3
1353 3345 1466 3401 tamen

371 3429 435 3494 ista
459 3429 541 3494 mihi
565 3429 719 3516 displicet
742 3431 948 3496 consuetudo
981 3433 1025 3497 ad
1058 3435 1192 3517 negotia
1225 3433 1408 3499 saecularia
1431 3444 1465 3499 et

370 3525 414 3590 ad
439 3529 528 3590 vitae
553 3526 653 3613 hujus
669 3530 852 3593 vanitatem
870 3530 987 3595 divina
1003 3531 1137 3596 oracula
1152 3530 1237 3596 velle
1249 3537 1463 3600 convertere‘.

460 3624 604 3690 Textum
621 3636 732 3691 autem
751 3629 799 3692 sic
815 3626 960 3715 explieat
975 3628 1100 3714 glossa:
1117 3629 1277 3713 ,Quidam
1296 3655 1355 3718 per
1371 3653 1465 3719 quos·

371 3723 448 3788 dam
474 3724 655 3790 versiculos
676 3724 824 3812 psalterii
854 3726 908 3791 vel
934 3728 1099 3814 evangelii
1125 3728 1323 3796 divinabant
1344 3731 1465 3797 futura.

462 3983 481 4054 ¹)
500 3981 603 4038 Textus
615 3987 668 4038 est:
681 3982 783 4050 ‚Omnis
791 3990 883 4041 autem
891 3985 935 4040 lex
941 3991 990 4040 aut
992 3987 1134 4056 permittit
1145 3986 1255 4055 aliquid,
1267 4033 1286 4049 .,
1298 3993 1347 4043 ant
1355 3992 1433 4044 vetat
1442 4034 1462 4046 ..

369 4068 419 4119 aut
436 4064 517 4132 punit
537 4107 543 4122 .
563 4109 568 4121 .
589 4070 638 4118 aut
656 4065 807 4133 praecipit‘.
882 4066 903 4137 ²)
922 4067 1000 4122 Alias
1019 4073 1133 4122 vocatur
1150 4069 1290 4136 permissio
1309 4069 1464 4126 concessiva
1490 4111 1493 4116 .

368 4149 398 4200 et
415 4144 556 4213 permissio
574 4145 791 4212 dispensationis.
849 4145 870 4218 8)
889 4147 917 4206 O.
937 4146 1060 4214 Denique
1079 4149 1124 4206 cit.
1144 4147 1203 4202 heio
1222 4165 1247 4206 n.
1259 4151 1302 4206 15.
1358 4152 1380 4222 ⁴)
1392 4151 1463 4216 ,Non

368 4230 411 4281 est
428 4225 570 4280 consilium
588 4226 633 4280 vel
650 4231 832 4295 praeceptum,
857 4228 927 4296 qnod
946 4228 990 4282 hio
1008 4228 1116 4295 dicitnr,
1142 4230 1188 4284 sed
1207 4235 1250 4285 est
1269 4233 1463 4300 conspurctioa

364 4307 522 4376 pecuniario,
542 4321 610 4374 qnae
629 4321 682 4359 non
701 4314 812 4361 excusat
831 4324 848 4363 a
865 4313 983 4376 peccato.
1020 4309 1067 4364 Sic
1086 4325 1150 4379 ergo
1175 4311 1346 4378 permittitur
1374 4311 1463 4366 minus

367 4386 475 4451 malum,
493 4391 526 4440 nt
544 4387 665 4441 evitetur
682 4387 785 4455 majns‘.
805 4388 851 4443 lta
869 4390 906 4458 gl.
926 4389 1005 4446 adh.
1026 4405 1083 4444 can.
1140 4392 1162 4460 ⁵)
1182 4391 1210 4447 Ο,
1224 4391 1283 4446 Hac
1296 4393 1403 4448 ratione
1414 4393 1462 4452 cit.

369 4465 390 4533 ο)
409 4465 438 4522 0.
457 4467 520 4520 Jam
539 4467 639 4521 dudum
658 4468 704 4524 cit.
729 4468 803 4523 infra
821 4485 847 4526 n.
867 4471 909 4526 35.

885 4575 945 4650 (14)
