3218 5446
264 591 428 659 explicandis
447 591 563 645 decretis
582 589 745 644 tolerantiae
762 589 911 658 servandis,
929 597 975 646 rm.
995 589 1108 647 63—65.

135 792 215 834 nem
259 791 369 834 rerum
410 770 711 834 ecclesiasticarum
747 771 929 856 pertinent,
976 792 1093 835 verum
1129 773 1229 835 ctiam

136 890 222 954 quae
237 892 257 932 a
268 869 344 954 jure
369 871 537 933 communi
554 877 723 953 utcunque
738 867 937 950 exorbitant,
956 867 990 936 h.
1006 890 1044 950 e.,
1061 867 1103 933 ab
1121 869 1229 935 orbita

135 987 195 1030 seu
219 970 276 1032 via
299 967 380 1051 legis
406 967 605 1032 universalis
629 965 821 1031 deflectunt.

225 1066 321 1130 Ratio
346 1088 424 1130 vero
449 1066 549 1152 hujus
573 1066 744 1129 doctrinae
770 1064 848 1128 inde
872 1074 922 1128 est
941 1065 1131 1150 repetenda,
1149 1070 1227 1152 quia

135 1163 199 1226 hoo
214 1165 299 1248 ipso,
322 1165 410 1250 quod
429 1165 486 1250 jus
502 1185 688 1244 commune,
713 1172 848 1247 propter
863 1162 1039 1226 utilitatem
1056 1163 1226 1248 publicam

135 1261 307 1326 conditum
332 1272 364 1326 et
387 1266 563 1327 universae
588 1262 745 1326 societati.
761 1270 920 1346 tanquam
946 1261 1093 1325 medium
1118 1285 1228 1327 neces·

134 1363 259 1424 sarium
283 1361 324 1424 ad
350 1360 451 1424 finem
476 1360 746 1445 consequendum
765 1361 1016 1444 praescriptum,
1042 1363 1084 1424 sit
1100 1383 1228 1426 summe

134 1458 333 1523 favorabile:
365 1457 529 1545 quidquid
554 1457 662 1522 eidem
679 1457 857 1521 adversum
884 1459 997 1521 evenit
1019 1468 1078 1522 aut
1102 1471 1228 1523 contra-

133 1558 221 1621 rium
234 1558 431 1638 admittitur,
455 1555 572 1620 habita
587 1557 715 1620 ratione
730 1554 810 1619 boni
827 1558 1023 1641 communis,
1042 1560 1228 1622 necessario

134 1657 292 1720 nocivum
317 1665 416 1742 atque
440 1655 592 1719 odiorum
616 1656 762 1740 reputari
788 1653 897 1718 debet.

224 1753 276 1821 65.
301 1755 378 1819 Jam
404 1776 482 1819 vero
508 1754 548 1818 de
573 1755 716 1817 essentia
746 1752 941 1818 tolerantiae
974 1773 1045 1818 esse
1069 1754 1226 1837 vidimus,

134 1859 171 1914 ut
192 1861 342 1916 versetur
370 1854 459 1917 circa
490 1874 558 1917 rem
583 1852 697 1936 ajune
721 1851 975 1932 exorbitantem,
1002 1851 1032 1917 h.
1059 1875 1098 1932 e.,
1135 1854 1224 1917 circa

132 1948 311 2033 ,singulare
333 1951 467 2036 aliquod
493 1973 554 2015 nee
577 1951 780 2036 opinatum1)
805 1950 940 2032 factum,
966 1951 1054 2036 quod
1072 1951 1225 2017 nonnihil

132 2070 152 2110 a
176 2047 278 2113 verbo
302 2047 385 2133 legis
409 2049 560 2113 recedit‘:
584 2048 867 2133 quemadmodum
891 2049 1085 2114 tolerantiae
1117 2049 1226 2135 objec-

132 2156 203 2210 tum
229 2146 340 2211 verbis
364 2148 471 2230 magis
502 2147 695 2232 perspicuis,
730 2147 878 2211 omnium
910 2146 1150 2232 intelligentiae
1174 2171 1225 2213 ac·

133 2245 357 2328 commodate,
393 2244 553 2310 describit
593 2245 651 2314 SS.
686 2247 729 2312 D.
764 2244 804 2310 N.
846 2246 914 2309 Leo
957 2247 1021 2312 ΡΡ.
1056 2245 1150 2312 XIII.
1187 2248 1223 2311 in

131 2341 267 2408 laudata
291 2343 430 2428 epistola
455 2344 521 2408 diei
546 2345 598 2409 23.
624 2343 705 2428 Maji
732 2342 859 2424 18922).

221 2443 281 2507 Est
305 2464 381 2527 ergo
407 2442 577 2507 decretum
601 2441 796 2506 tolerantiae
820 2443 855 2505 in
880 2464 914 2505 se
939 2443 1010 2529 ipso
1036 2443 1224 2508 considera-

130 2549 201 2604 tum
224 2541 280 2604 lex
304 2540 428 2625 odiosa,
453 2552 486 2606 et
509 2551 546 2605 ut
569 2539 644 2606 talis
668 2540 869 2625 explicanda
885 2549 985 2626 atque
1002 2540 1222 2608 observanda.

221 2638 350 2720 Quodsi
375 2651 545 2726 praeterea
568 2662 610 2704 ex
634 2639 764 2726 objecto
789 2661 847 2702 suo
873 2637 986 2703 odium
1009 2643 1223 2723 contraxerit,

131 2748 167 2801 ut
190 2740 224 2802 in
248 2732 412 2824 responso
430 2741 473 2805 ad
496 2734 619 2804 anum
643 2739 687 2801 D.
711 2737 998 2822 archiepiscopum
1017 2760 1041 2803 s.
1059 2738 1156 2803 Pauli
1176 2762 1224 2802 re-

130 2857 209 2898 vera
233 2836 358 2901 factum
383 2847 441 2922 cst,
474 2838 642 2901 decretum
675 2859 717 2900 ex
748 2834 874 2920 duplici
899 2835 994 2900 titulo
1024 2837 1091 2901 dici
1124 2836 1224 2902 debet

130 2933 184 2998 lex
223 2934 338 3000 odiosa
374 2958 478 3022 eoque
516 2936 650 2999 nomine
689 2934 733 2999 ad
768 2935 1050 3020 interpretationis
1090 2935 1222 3019 regulas

130 3034 275 3097 maxime
298 3033 503 3098 restrictivas
528 3029 703 3118 exigenda.

218 3239 350 3320 Quibus
373 3241 434 3326 rite
458 3219 672 3325 praestitutis,
693 3238 765 3323 jam
790 3226 911 3304 selecta
948 3209 1115 3326 quaedam
1135 3239 1221 3325 juris

129 3339 238 3423 capita
262 3339 387 3424 accipe,
412 3360 497 3423 quae
521 3339 556 3431 in
580 3337 830 3423 interpretanda
862 3340 1001 3402 materia
1033 3338 1148 3402 odiosa
1172 3361 1219 3402 re·

128 3435 213 3518 gulis
236 3437 431 3501 restrictivis
463 3435 583 3500 deferri
602 3435 733 3521 jubent.
780 3435 867 3501 Satis
898 3446 1010 3500 autem
1040 3435 1151 3520 fuerit,
1177 3459 1219 3500 ex

34 3597 36 3600 .
128 3533 353 3599 celeberrimis
369 3533 411 3598 88
437 3534 632 3618 canonibus,
657 3555 739 3619 qnos
763 3534 958 3599 Bonifacius
982 3534 1043 3600 ΡΡ.
1054 3534 1138 3600 VIII
1156 3535 1218 3600 snb

126 3633 273 3716 generali
284 3631 379 3697 titulo
400 3631 454 3715 ,de
466 3632 589 3715 regulis
602 3632 700 3716 juris‘
711 3634 866 3718 proponit
880 3633 937 3716 (V,
955 3632 1008 3717 13)
1020 3641 1052 3696 et
1066 3655 1218 3719 ,quorum

127 3732 324 3814 ignorantia‘
349 3740 485 3796 notante
508 3731 617 3815 glossa
650 3730 751 3812 ,nullo
776 3731 874 3795 modo
908 3731 1110 3795 excusabilis
1148 3733 1216 3814 est‘,

127 3828 197 3893 illos
221 3840 364 3920 quatuor
387 3829 590 3912 exhibuisse,
615 3831 672 3914 qui
696 3831 795 3914 positi
820 3839 898 3893 sunt
921 3829 982 3894 sub
1007 3853 1063 3894 nn.
1088 3829 1138 3913 15,
1163 3831 1216 3913 28,

128 3928 169 3991 74
193 3936 225 3990 et
250 3928 300 3994 78.

125 4097 338 4108 -..-.-—....—.

165 4213 168 4218 ’
215 4201 235 4272 ¹)
254 4201 318 4270 ‚Nec
336 4203 494 4272 opinatum,
513 4219 561 4259 sen
588 4202 759 4272 inopinatum
788 4207 838 4269 est,
868 4203 938 4271 quod
966 4220 1048 4272 quum
1074 4202 1217 4273 legislator

124 4281 180 4351 ipse
198 4297 253 4337 non
272 4284 457 4338 existimasset
470 4284 601 4350 futurum,
619 4290 722 4352 postea,
738 4290 849 4351 praeter
861 4285 1021 4357 opinionem,
1041 4285 1216 4353 improvisum

124 4362 230 4420 accidit.
323 4364 346 4435 ²)
364 4365 429 4430 ,Der
446 4364 554 4434 Begriff
570 4365 618 4418 der
637 4365 767 4433 Duldung
785 4370 858 4419 aetat
876 4366 971 4420 immer
982 4366 1050 4420 ,eine
1069 4365 1215 4434 allgemein

123 4444 250 4512 geltende
260 4443 342 4498 Norm
360 4460 466 4510 vorans,
485 4445 541 4498 und
553 4446 590 4499 ist
603 4446 734 4514 Duldung
747 4445 813 4516 (von
826 4445 914 4500 dieser
926 4446 1108 4515 allgemeinen
1120 4446 1214 4516 Norm)

124 4524 327 4580 abweichender
345 4525 599 4594 Ueternengungen
617 4528 672 4581 und
691 4526 859 4596 Uebungem.
885 4528 930 4581 lta
948 4527 1103 4589 Rotteck
1120 4529 1137 4586 l¹
1158 4544 1179 4582 c.

636 4633 696 4705 (4⁷)
