3218 5446
600 503 638 558 11.
658 503 698 558 De
715 500 868 558 rationibus
886 501 988 557 decreti
1007 499 1170 558 tolerantiae

546 790 703 852 Exempla
721 804 761 842 ex
778 791 943 852 praesenti
960 791 1020 842 hoo
1038 790 1167 842 saeculo
1184 790 1228 842 10.

429 950 621 1016 Tolerantia
644 949 850 1014 assistentiae
867 951 1020 1034 passivas
1035 951 1069 1015 in
1083 949 1303 1014 matrimoniis
1320 949 1444 1012 mixtis

340 1051 455 1118 illicite
479 1050 570 1113 initis
594 1049 629 1111 in
653 1045 789 1112 Austris
812 1057 845 1112 et
867 1047 1084 1136 Hungaria1).
1371 1050 1377 1059 '

428 1247 482 1311 44.
495 1245 650 1310 Rationes
658 1244 759 1329 hujus
766 1241 961 1308 tolerantiae
971 1243 1069 1309 facile
1078 1266 1302 1331 assequemur,
1312 1244 1338 1308 si
1348 1265 1439 1329 quae

341 1347 382 1410 de
407 1343 583 1428 multiplici
607 1344 824 1428 permissione
849 1344 983 1428 nuptias
1016 1342 1218 1408 conciliandi
1249 1343 1438 1428 generatim

341 1444 430 1508 dicta
449 1442 522 1528 jam
545 1451 632 1522 sunt,
657 1442 832 1526 speciatim
857 1439 900 1504 ad
917 1441 1128 1506 matrimonia
1152 1439 1333 1506 catholicos
1348 1441 1441 1504 inter

340 1552 373 1606 et
396 1538 599 1605 acatholicos
623 1560 666 1603 ex
690 1538 806 1602 ordine
830 1539 1076 1606 transferamus.

428 1638 531 1704 Juxta
547 1658 586 1702 ea
602 1638 712 1721 igitur,
729 1659 814 1722 quae
830 1638 981 1722 superius
997 1637 1284 1702 anmadvertimus
1300 1639 1368 1720 (nn.
1378 1636 1435 1719 21,

340 1737 495 1820 31-33),
519 1734 641 1822 triplex
675 1736 847 1820 permissio
879 1735 950 1800 sive
978 1733 1114 1800 licentia
1145 1735 1305 1822 distingui
1334 1733 1438 1799 debet

341 1839 376 1900 in
390 1835 505 1922 ordine
528 1834 571 1897 ad
596 1832 862 1898 contrahendum
887 1835 1154 1916 matrimonium
1172 1835 1345 1902 nimirum:
1361 1855 1434 1919 per-

341 1935 453 1997 missio
469 1931 728 2018 approbationis,
753 1933 925 2017 permissio
941 1932 1199 2017 dispensatiouis
1214 1943 1247 1998 et
1260 1932 1435 2018 permissio

341 2031 599 2117 comparationis
623 2031 694 2094 sive
714 2029 898 2095 tolerantia.

429 2130 605 2194 Permissio
629 2129 900 2214 ,approbationis‘
923 2139 1003 2194 tuno
1035 2128 1187 2211 habetur,
1219 2151 1322 2215 quum
1355 2129 1433 2193 sim·

340 2229 471 2317 pliciter
498 2229 697 2312 permissum
728 2227 915 2293 declaratur
946 2230 1080 2314 nuptias
1108 2227 1312 2311 contrahere,
1345 2249 1433 2314 quae

341 2326 431 2393 nullo
450 2326 527 2412 jure
552 2324 779 2411 prohibentur.

429 2425 653 2490 Permissione
688 2424 966 2510 ,dispensationis
996 2424 1236 2512 impedimenta
1265 2423 1433 2507 laxantur,

340 2547 425 2612 quae
449 2523 696 2588 matrimonium
722 2520 776 2586 vel
800 2544 932 2608 prorsus
956 2523 1087 2588 irritum
1112 2521 1166 2588 vel
1190 2523 1300 2590 minus
1319 2520 1433 2586 lauda-

338 2624 406 2689 bile
430 2632 463 2687 et
485 2622 660 2686 honestum
683 2621 821 2687 faciunt.

429 2721 608 2785 Permissio
644 2720 923 2805 ,comparationis‘
963 2741 1021 2784 seu
1061 2719 1297 2805 comparativa,
1335 2741 1434 2806 ,quae

341 2829 475 2886 notante
499 2819 542 2904 gl.
567 2819 613 2905 (n.
639 2819 695 2899 21)
729 2820 839 2904 potius
862 2817 1048 2904 appellatur
1072 2817 1264 2901 tolerantia‘,
1294 2816 1433 2904 impedi-

340 2927 488 2984 mentum
513 2938 576 2982 non
602 2926 759 2996 removet,
785 2939 887 3003 quum
912 2939 953 2982 ex
978 2925 1097 2982 natura
1121 2938 1181 2982 sua
1204 2918 1330 2981 nonsit
1345 2917 1433 2980 actio

339 3017 432 3101 legis,
457 3014 515 3079 sed
538 3017 678 3079 aetionis
701 3017 853 3099 negati03
887 3016 1121 3103 impunitatem
1145 3025 1256 3080 tamen
1286 3023 1435 3102 praestat

340 3115 474 3199 nuptias
498 3134 574 3177 cum
598 3111 836 3198 impedimento
862 3112 1078 3178 contrahendi
1104 3114 1257 3200 ipsasque
1289 3113 1432 3198 nuptias,

339 3220 413 3276 utut
436 3210 597 3296 flagitiose
621 3212 730 3296 initas,
756 3234 888 3276 securas
920 3211 962 3276 ab
995 3211 1183 3277 indiscretis
1214 3213 1433 3298 impugnatio·

339 3310 439 3375 nibus
463 3309 581 3377 reddit.

427 3408 481 3474 45.
496 3408 590 3489 Quae
599 3406 954 3496 triplexpermissionis
965 3409 1145 3492 distinctio,
1155 3409 1182 3474 si
1192 3409 1317 3496 nuptiis
1324 3408 1433 3475 catho-

339 3507 420 3573 licos
444 3509 530 3571 inter
545 3517 577 3572 et
592 3506 793 3574 acatholicos
807 3508 1085 3590 accommodetur,
1110 3504 1330 3592 ,exploratum
1354 3509 1434 3574 satis

339 3627 504 3693 superque
528 3609 598 3690 est‘,
623 3607 765 3693 primam
782 3607 937 3692 speciem,
963 3629 1020 3671 seu
1039 3607 1290 3691 permissionem
1306 3629 1433 3694 ,appro-

339 3705 495 3769 bationis‘
518 3705 552 3768 iu
576 3703 695 3773 iisdem
710 3726 881 3791 nunquam
897 3704 1013 3770 haberi
1030 3726 1135 3791 posse,
1160 3727 1275 3791 ,quum
1293 3705 1434 3770 ecclesia

340 3833 553 3842 ..uun—*n—

429 3883 452 3954 ι)
472 3881 601 3948 Quamvis
619 3897 746 3949 praesens
765 3881 930 3938 tolerantiae
949 3882 1087 3938 decretum
1113 3883 1199 3940 latius
1226 3888 1322 3952 petest
1349 3887 1433 3952 atque

339 3979 372 4020 ex
390 3962 565 4033 indulgentia
583 3962 659 4019 Sedis
678 3963 850 4030 Apostolicae
868 3963 952 4018 etiam
971 3964 1005 4018 ad
1022 3963 1113 4031 plures
1132 3962 1201 4018 alios
1229 3964 1354 4032 regiones
1375 3964 1433 4032 Jam

338 4044 377 4098 sit
394 4059 443 4111 per
462 4059 532 4098 nova
551 4043 660 4098 decreta
678 4049 828 4110 extensum,
854 4043 884 4099 in
903 4043 961 4113 ejus
984 4044 1166 4112 descriptione
1187 4051 1280 4100 tomen
1304 4045 1433 4114 epistolas

345 4129 374 4179 et
398 4124 591 4180 instructiones
610 4140 734 4179 romanas
754 4125 788 4178 ad
806 4124 943 4194 episcopos
962 4124 1112 4180 arretriaoos
1134 4130 1163 4180 et
1181 4125 1319 4194 hungaros
1337 4127 1433 4182 missas

338 4220 487 4272 sequemur,
515 4221 594 4272 quum
613 4205 679 4261 haec
703 4207 865 4262 documenta
889 4207 990 4276 passim
1020 4207 1049 4262 in
1073 4212 1185 4262 extenso
1210 4207 1239 4262 in
1262 4208 1433 4264 manualibus

338 4284 415 4340 libris
433 4285 577 4340 austriacis
593 4286 664 4355 juris
677 4287 798 4342 canonici
810 4287 1003 4355 exhibeantur3
1018 4292 1051 4342 nt
1063 4303 1123 4342 ecce
1135 4288 1164 4342 in
1178 4286 1318 4354 Ginzel,
1332 4289 1433 4344 Haud·

338 4367 408 4419 bucb
422 4367 616 4420 desaeuesteu
629 4368 660 4420 im
680 4367 852 4422 Oesterreich
870 4369 1016 4438 pelterdeu
1035 4369 1270 4436 Kirebeurecbtes,
1293 4374 1315 4426 t.
1336 4371 1359 4435 1,
1379 4370 1432 4424 An·

338 4446 419 4515 hang,
446 4461 490 4514 pp.
510 4447 624 4518 27-30,
644 4448 759 4504 38-45.

854 4553 913 4626 (30)
