3218 5446
370 514 457 568 Actus
475 513 622 583 negativus
640 529 739 568 sonans
751 514 780 568 in
792 513 860 581 pati,
878 530 923 568 nn.
942 516 1039 571 9-11.

247 695 286 759 ln
303 696 500 782 exponendo
525 697 626 782 priori
639 717 770 780 genere,
787 705 899 761 actum
915 697 1109 780 negativum
1123 717 1250 778 ,sonan-

158 803 225 859 tem
250 796 284 858 in
308 797 390 880 pati‘
414 795 533 860 docent
563 795 678 860 referri
702 795 744 859 ad
769 795 813 877 id,
849 795 937 881 quod
961 817 1063 880 agens
1095 797 1178 859 citra
1202 797 1250 859 rei

158 894 338 977 permissae
362 893 636 979 approbationem
661 892 855 978 simpliciter
879 895 957 957 sinit
972 894 1054 976 lieri,
1079 894 1151 957 sive
1168 891 1251 958 illud

158 991 333 1056 honestum
359 994 463 1057 sitae
487 981 622 1074 bonum,
655 993 727 1056 sive
750 988 822 1076 lege
847 991 958 1078 aliqua
989 993 1135 1078 positiva
1168 993 1248 1056 veti·

158 1099 240 1173 tum,
268 1091 340 1156 sive
370 1092 470 1154 etiam
501 1090 639 1176 dejure
670 1089 813 1155 naturali
838 1090 910 1177 jam
935 1090 1151 1178 prohibitum.
1200 1091 1251 1154 lta

159 1211 190 1254 v.
205 1210 236 1273 g.
260 1188 387 1254 auditio
412 1191 531 1253 missae
556 1197 709 1253 censetur
725 1210 795 1253 esse
810 1198 904 1254 actus
919 1191 1096 1274 negativus
1116 1210 1252 1272 ,sonans

158 1289 193 1352 in
216 1290 300 1375 pati‘
321 1297 475 1376 respectu
499 1287 681 1352 sacerdotis
705 1287 905 1352 celebrantis
936 1309 975 1352 ac
1008 1287 1123 1352 fideles
1156 1308 1249 1351 sacro

158 1408 217 1451 suo
241 1387 393 1451 assistere
426 1388 582 1467 sinentis3
620 1385 773 1454 similiter
804 1387 1019 1451 commoratio
1053 1386 1183 1450 banniti
1216 1387 1250 1449 in

160 1484 253 1566 urbe,
279 1485 367 1548 uude
391 1484 525 1570 publico
550 1482 660 1548 edicto
690 1493 762 1548 erat
784 1486 998 1570 proscriptus,
1030 1494 1124 1549 actus
1155 1504 1251 1568 nega-

159 1585 248 1647 tivus
276 1592 308 1647 et
331 1605 452 1649 sonans
488 1584 521 1647 in
556 1585 624 1667 pati
657 1582 846 1670 appellatur
879 1605 921 1648 ex
952 1593 1045 1669 parte
1076 1584 1249 1669 principis,

159 1683 215 1768 qui
240 1681 281 1746 de
303 1682 391 1746 facto
416 1681 592 1746 bannitum
609 1704 670 1746 usu
686 1683 812 1767 patriae
829 1703 895 1745 non
913 1681 1082 1768 prohibet;
1101 1681 1249 1764 tandem,

159 1790 195 1845 ut
227 1782 327 1844 etiam
360 1779 550 1868 exemplum
582 1783 629 1844 rei
663 1802 705 1844 ex
730 1803 764 1844 se
796 1779 903 1845 malae
933 1803 974 1844 ac
1004 1781 1076 1862 iure
1107 1779 1251 1845 naturali

157 1877 344 1965 prohibitae
367 1881 532 1960 afferatur,
558 1879 615 1942 ubi
640 1880 829 1944 meretrices
847 1881 983 1944 civitate
996 1901 1063 1944 non
1081 1877 1251 1964 expellun-

158 1986 221 2060 tur,
255 1980 451 2042 exercitium
483 1979 668 2063 turpissimi
703 1977 837 2042 sceleris
866 1981 956 2043 actui
981 1979 1138 2063 negativo
1163 1978 1251 2066 prin-

159 2077 243 2162 cipis
267 2076 347 2142 talia
371 2077 444 2141 fieri
468 2078 628 2162 patientis
653 2076 866 2142 adscribitur.

250 2264 301 2329 11.
326 2265 485 2330 Jamvero
511 2266 679 2329 unanimis
711 2287 751 2329 ac
776 2273 931 2330 constans
959 2273 1008 2328 est
1039 2264 1252 2330 classicorum

159 2364 391 2446 magistrorum
424 2363 586 2447 doctrina,
618 2372 655 2428 ut
684 2364 827 2451 praefati
847 2365 919 2449 jam
944 2386 1067 2446 sumus,
1099 2362 1253 2428 omnibus

158 2460 289 2530 actibus
313 2465 489 2545 negativis,
516 2465 587 2527 sine
610 2461 679 2528 ulla
703 2464 908 2548 exceptione,
933 2462 968 2525 id
980 2485 1049 2526 esse
1067 2484 1251 2548 commune,

159 2569 196 2624 ut
220 2560 305 2625 nihil
328 2563 463 2646 positivi
488 2561 647 2644 inferant;
679 2561 824 2648 indeque
856 2560 1069 2641 concludunt,
1094 2583 1153 2646 per
1177 2563 1252 2625 sim-

159 2659 278 2745 plicem
316 2661 537 2743 tolerantiam,
574 2682 659 2746 quae
692 2660 735 2724 ad
772 2660 854 2724 duas
890 2661 1087 2746 posteriores
1124 2661 1252 2745 species

159 2766 294 2822 actuum
325 2759 558 2844 negativorum
588 2769 737 2844 spectare
770 2759 985 2844 dignoscitur,
1018 2758 1146 2823 nullum
1179 2781 1252 2822 con-

160 2879 293 2921 sensum
310 2859 382 2921 sive
404 2857 655 2944 approbationis
681 2859 728 2921 rei
745 2859 816 2922 sive
838 2857 1097 2944 dispensationis
1121 2859 1156 2922 in
1179 2857 1253 2943 lege

161 2955 275 3020 induci
303 2978 409 3041 posse.

249 3053 304 3118 Ex
325 3054 415 3119 nube
439 3056 574 3119 testium
592 3055 682 3119 omni
707 3055 903 3142 exceptione
930 3057 1104 3143 majorum,
1128 3077 1252 3141 paucos

159 3151 219 3217 hos
243 3151 429 3219 audiamus.

248 3249 435 3314 Nicolaus
460 3250 504 3314 de
529 3251 758 3334 Tudeschis,
786 3250 1252 3336 archiepiscopusPanormi-

160 3355 268 3430 tanus,
279 3346 379 3430 vulgo
387 3347 495 3412 Ablue
506 3358 538 3413 et
547 3349 952 3432 Panormitanuadictus1),
963 3351 996 3412 in
1008 3352 1254 3414 commentariis

159 3446 202 3510 ad
227 3445 264 3512 O.
282 3445 395 3527 Quum
420 3447 487 3529 iam
512 3446 639 3511 dudum
666 3449 706 3513 18
732 3449 774 3516 X.
807 3447 848 3512 de
873 3447 1074 3532 praebendis
1107 3449 1181 3532 (III,
1206 3449 1252 3530 5).

158 3545 360 3629 ,Tolerantia
385 3547 573 3632 superioris,
599 3549 717 3632 inquit,
742 3569 809 3612 non
823 3546 953 3610 inducit
970 3547 1252 3632 dispensationem

158 3641 194 3709 in
217 3643 280 3726 his,
305 3667 390 3732 quae
415 3653 492 3709 sunt
516 3654 631 3710 contra
650 3646 716 3731 jus,
741 3649 785 3729 (et
801 3647 889 3709 circa
905 3645 967 3709 hoc
983 3646 1061 3710 vide
1077 3646 1253 3731 pulchram

158 3743 333 3830 glossam2)
358 3745 391 3807 in
417 3743 492 3808 dist.
518 3745 549 3826 3,
574 3766 601 3811 c.
628 3743 716 3828 fin.);
742 3745 842 3807 etiam
866 3744 960 3830 Papa
984 3767 1042 3829 per
1055 3746 1253 3830 patientiam

159 3865 198 3907 ea
221 3841 390 3924 tolerante,
417 3864 503 3927 quae
527 3851 604 3906 sunt
628 3850 742 3906 contra
763 3843 830 3928 jus,
857 3863 922 3906 non
948 3854 1105 3908 causatur
1124 3843 1254 3931 dispen-

159 3943 242 4010 satio
267 3940 321 4005 vel
341 3937 519 4026 'permissio
543 3945 612 4025 (nn.
636 3940 657 4005 5
681 3950 714 4004 et
740 3941 804 4022 10).
921 3966 924 3974 ’

247 4038 485 4104 Menochius
501 4039 522 4104 J
531 4062 595 4121 ac,
611 4041 787 4124 Papiensis
804 4041 956 4126 ultor),
972 4050 1145 4128 postquam
1167 4043 1254 4126 prin-

159 4139 239 4224 cipii
264 4139 369 4201 instar
393 4139 575 4223 praemisit,
609 4137 697 4222 quod
727 4137 803 4223 ,ille,
837 4141 894 4224 qui
927 4141 1053 4225 patitur
1084 4149 1184 4226 atque
1208 4141 1254 4203 ita

249 4300 269 4366 ²)
290 4300 330 4353 De
349 4297 520 4353 celeberrimo
539 4295 588 4352 hoc
607 4297 749 4352 canonista
774 4298 807 4369 (†
827 4300 908 4368 1443)
931 4299 1011 4368 plura
1034 4300 1121 4354 videri
1140 4305 1255 4369 possunt

157 4380 433 4518 ppfrpplsltlpisnllqtppct.
453 4379 586 4445 coemto,
606 4381 627 4435 Ι.
638 4380 680 4436 63.
700 4397 725 4447 p.
743 4380 785 4436 63.
844 4381 865 4450 ²)
885 4381 951 4435 Eam
969 4380 1096 4436 sistemus
1115 4383 1255 4452 integram

687 4567 725 4640 (7)
