3218 5446
355 565 476 632 exemplo
495 565 647 619 amerieano
666 564 822 630 illustratis,
842 566 1020 621 unit-‘bt

141 678 1234 686 mamm-w

230 809 282 876 52.
308 811 357 874 De
371 820 490 874 actara
504 807 818 898 bajuaresolutt'onia.
844 809 883 871 In
901 808 1092 871 definienda
1116 817 1236 872 natura

139 909 323 993 praesentis
347 910 503 993 responsi·
520 907 606 971 duae
631 909 842 993 quaestiones
867 915 944 969 sunt
957 906 1122 970 distinctis
1140 907 1234 970 ratio-

141 1006 241 1071 nibus
265 1004 458 1086 solvendac3
484 1004 586 1068 altera
611 1006 761 1091 quidem:
786 1029 828 1068 an
853 1002 1007 1068 resolutio
1026 1004 1108 1068 haec
1125 1007 1160 1068 in
1176 1027 1233 1068 nu-

140 1127 230 1169 mero
254 1105 386 1190 proprie
411 1103 575 1167 dictorum
602 1103 795 1168 tolerantiae
821 1102 1027 1166 decretorum
1053 1104 1095 1166 sit
1110 1102 1233 1167 habeu-

140 1201 208 1270 da?
240 1203 344 1267 altera
368 1224 462 1267 vero:
501 1203 565 1266 utri
591 1201 687 1265 classi
712 1197 966 1286 permissionum
991 1201 1161 1286 papalium
1193 1202 1235 1264 sit

139 1300 371 1368 accensenda?
403 1310 514 1365 utrum
538 1299 666 1365 scilicet
689 1322 731 1364 ex
754 1322 876 1384 genere
905 1320 1018 1362 earum
1051 1301 1230 1363 concessio·

139 1423 220 1465 num
251 1401 302 1480 sit,
336 1422 421 1485 quae
449 1399 549 1486 juxta
582 1398 730 1483 regulam
766 1398 817 1462 74.
851 1398 937 1483 juris
961 1399 995 1460 iu
1021 1398 1051 1463 6.
1077 1421 1119 1461 ex
1144 1419 1232 1461 mero

138 1499 252 1562 favore
275 1499 414 1584 pretiose
439 1508 516 1563 suut
539 1496 698 1579 indultae,
725 1519 767 1560 an
785 1518 863 1560 vero
888 1498 923 1559 in
947 1517 1083 1560 numero
1101 1495 1232 1560 illarum

138 1598 388 1661 concessionum
404 1597 526 1676 veniat,
543 1617 625 1681 quas
641 1594 754 1680 regula
765 1595 852 1680 juris
881 1601 897 1655 7
903 1595 932 1658 8.
955 1593 1081 1658 ibidem
1097 1604 1233 1680 propter

137 1698 354 1762 necessitatem
378 1694 481 1774 fieri¹)
506 1694 625 1759 docet?

227 1855 280 1922 53.
305 1855 350 1920 Et
373 1856 516 1942 priorem
532 1855 760 1940 quaestionem
776 1853 865 1938 quod
882 1855 1010 1935 attinet,
1037 1875 1079 1916 ex
1094 1851 1231 1915 authen-

138 1956 212 2018 ticis
245 1954 526 2045 interpretationis
555 1951 678 2036 regulis
710 1961 835 2015 certum
870 1974 909 2016 ac
934 1950 1146 2015 manifestum
1172 1961 1230 2032 est,

137 2075 294 2138 praeseus
317 2050 381 2114 boe
405 2049 575 2114 decretum
600 2052 670 2114 veri
695 2052 839 2114 nominis
864 2050 1020 2113 decretum
1042 2048 1231 2112 tolerantiae

138 2151 271 2236 proprie
296 2149 405 2212 diotae
431 2150 557 2212 censeri
582 2157 615 2212 et
638 2158 674 2212 ut
698 2146 764 2212 tale
788 2150 910 2233 exponi
936 2147 1065 2212 debere.

226 2247 511 2333 Interpretationis
535 2246 649 2331 regula
673 2247 838 2330 generalis
861 2249 896 2310 in
921 2255 1059 2331 utroque
1079 2245 1155 2331 jure
1172 2255 1229 2324 est,

135 2357 171 2410 at
192 2346 288 2410 verba
325 2345 526 2430 accipientur
562 2345 730 2408 secundum
759 2346 928 2431 propriam
960 2344 1229 2429 eipne'flcotioaem,

136 2446 199 2509 nisi
223 2443 436 2508 manifestum
466 2444 517 2524 sit,
542 2442 635 2507 aliud
659 2444 799 2506 sensisse
823 2441 1045 2526 legislatorem
1071 2444 1142 2505 sive
1167 2441 1229 2506 dis·
1331 2459 1335 2468 “

135 2542 354 2629 ponentem).
379 2543 517 2605 Praeter
541 2543 630 2605 enim
655 2563 754 2627 quam
773 2541 861 2626 quod
878 2541 1005 2605 censeri
1022 2542 1231 2625 nonpossint

135 2641 231 2705 aliter
253 2640 455 2725 legislatores
480 2662 550 2703 esse
576 2639 688 2722 locuti,
723 2662 822 2724 quam
847 2639 927 2703 alibi
952 2661 1083 2724 semper
1114 2639 1229 2721 solent,

136 2740 167 2806 h.
193 2763 232 2821 e,
257 2739 363 2803 verba·
384 2760 421 2802 eo
446 2760 544 2801 sensu
569 2736 771 2815 adhibendo,
797 2760 861 2822 quo
886 2735 1082 2822 regulariter
1106 2738 1226 2822 aecipi-

135 2848 244 2920 untur,
268 2836 436 2922 legislator
459 2837 559 2899 etiam
584 2858 739 2921 expresse
758 2835 927 2921 jubetur³)
952 2837 986 2899 in
1011 2835 1140 2900 edenda
1156 2834 1228 2919 lege

134 2937 324 3024 canuerat,
349 2935 381 3002 h.
405 2957 444 3017 e.,
477 2935 575 2999 claris
599 2943 631 2999 et
653 2935 839 3020 perspicuis
863 2933 975 2998 verbis
999 2934 1057 3015 uti,
1091 2955 1131 2996 ne
1160 2933 1228 3014 ,ali-

137 3035 218 3122 quid
252 3057 310 3119 per
345 3032 580 3099 obscuritatem
618 3034 652 3096 iu
686 3035 839 3118 captione
872 3031 1090 3113 contineat‘4).
1138 3032 1226 3116 Ergo

137 3137 236 3200 etiam
261 3134 296 3197 in
318 3129 398 3196 vcasu
423 3141 533 3196 nostro
558 3131 698 3195 verbum
728 3129 864 3194 tolerare
892 3133 928 3194 in
957 3153 1017 3194 sua
1041 3130 1227 3214 manifesta,

134 3240 248 3319 aperta
272 3240 305 3296 et
327 3233 461 3316 propria
485 3229 728 3314 significatione
752 3231 838 3293 sumi
864 3229 972 3312 debet,
998 3229 1099 3314 idque
1116 3251 1153 3292 eo
1174 3229 1227 3292 vel

135 3332 251 3414 magis,
276 3327 365 3414 quod
397 3327 596 3413 significatio
622 3327 770 3413 juridica
794 3327 889 3392 verbi
924 3328 1070 3406 tolerare,
1103 3329 1226 3413 quain

135 3429 288 3494 omuibus
318 3426 448 3512 legibus
472 3435 647 3512 acceptum
669 3427 842 3512 reperitur,
868 3426 936 3489 fere
960 3447 1026 3489 non
1052 3425 1184 3489 differat
1207 3449 1227 3488 a

134 3523 287 3608 naturali,
296 3547 381 3612 quae
390 3527 604 3590 exeommuni
614 3524 840 3610 usuloquendi
853 3524 1003 3587 dimanat
1019 3523 1108 3606 (heic
1118 3523 1223 3609 ull).

132 3719 237 3772 sponso.
274 3702 375 3758 Verum
402 3702 430 3756 id
456 3702 520 3756 inde
538 3701 660 3757 evenisse
679 3701 796 3768 videtur,
816 3701 886 3768 quod
906 3701 1000 3768 quiin
1019 3701 1144 3755 Amerioa
1165 3717 1226 3755 con·

133 3785 288 3839 ventionem
302 3782 509 3851 impugnabant,
527 3797 610 3837 unam
628 3783 702 3837 illam
720 3782 902 3837 vitiositatem
920 3798 969 3837 seu
987 3780 1191 3837 difformitatem
1210 3799 1226 3836 a

132 3863 237 3936 legibus
256 3862 500 3929 baltimorcnsibus,
524 3867 621 3930 utpote
634 3863 825 3933 argumentum
844 3863 942 3918 clarius
963 3868 1045 3929 atque
1072 3863 1106 3916 ad
1125 3862 1225 3917 intelli-

132 3944 251 4013 gendum
269 3943 398 4014 apertius,
426 3947 566 4015 urgerent,
595 3944 717 4010 quodque
744 3959 793 3998 suo
819 3943 896 3997 modo
930 3943 1013 3998 etiam
1041 3942 1085 3996 hic
1103 3943 1226 3997 obtineat

132 4025 292 4093 principium
308 4023 393 4092 juris:
413 4023 495 4089 ,ultra
505 4023 593 4091 petita
603 4023 688 4092 judex
708 4040 763 4078 non
781 4024 935 4092 cognoscit‘.
956 4023 1012 4081 Ofr.
1031 4023 1131 4077 Nostra
1150 4024 1225 4078 Com-

132 4105 266 4160 mentaria
284 4104 424 4162 incenati.
444 4104 578 4161 baltimor.
598 4104 633 4160 H.
651 4121 677 4172 p.
691 4105 752 4161 364.

221 4185 243 4254 ¹)
261 4185 428 4240 Momentum
446 4184 526 4252 huJ'us
544 4184 729 4243 distinctionis
747 4201 809 4239 mox
832 4184 939 4252 patebit
951 4201 985 4240 ex
999 4185 1120 4238 dicendis
1138 4201 1165 4240 n.
1186 4184 1221 4238 68

134 4267 209 4323 -69.
302 4263 323 4333 ²)
341 4265 383 4318 Ex
398 4263 460 4333 jure
478 4264 552 4318 civili
571 4264 702 4332 probatur
720 4266 749 4321 L.
770 4265 830 4318 Non
849 4265 929 4320 aliter
948 4265 990 4321 69.
1018 4271 1052 4320 Π.
1072 4264 1118 4318 lib.
1137 4266 1170 4318 31
1191 4264 1224 4318 de

132 4345 232 4414 legatis
250 4349 279 4398 et
297 4344 425 4401 fideicom.
446 4345 496 4400 ΙΙΙ,
513 4345 592 4398 -Iu
611 4345 790 4400 decretalibus
808 4345 963 4399 illustratur
977 4345 1075 4413 regula
1085 4345 1224 4411 proposita

132 4425 160 4479 0.
178 4426 221 4479 Ad
240 4425 361 4481 audient.
382 4427 423 4481 12,
443 4426 476 4482 X.
506 4427 538 4480 de
557 4425 666 4481 decimis
694 4427 758 4498 (111,
777 4426 831 4495 30).
925 4425 945 4495 ³)
966 4425 994 4479 O.
1014 4426 1077 4479 Erit
1096 4428 1223 4479 autem2

131 4505 193 4563 dist.
203 4507 228 4562 4.
284 4506 306 4579 ⁴)
325 4505 396 4574 He,
416 4521 458 4571 ,ne
476 4505 575 4575 aliquis
588 4508 709 4576 captiose
719 4507 805 4575 possit
817 4506 1010 4576 interpretari.
1022 4507 1113 4577 ltagl.
1124 4505 1193 4558 adh.
1203 4505 1222 4561 1.

651 4612 707 4683 (39)
