3218 5446
666 509 703 565 11.
725 511 764 563 lle
782 507 934 564 rationibus
952 508 1055 564 decreti
1074 508 1240 564 tolerantiae

407 689 493 755 actio
517 687 598 774 legis
621 692 693 755 aive
716 689 943 756 confirmantis
966 691 1039 754 sive
1051 688 1272 776 improbantis
1289 691 1337 772 (ιι.
1354 689 1428 771 24),
1447 688 1519 754 sed

407 809 486 852 vere
509 789 650 854 actionis
674 790 817 875 negatio,
852 810 937 876 qnae
960 797 1072 852 temen
1096 789 1330 874 impunitatem
1354 797 1521 874 praestat

407 893 441 950 et
457 885 524 971 jus,
549 908 590 950 ne
613 889 688 972 quis
711 887 797 952 alius
821 886 998 970 impediet.

496 984 665 1050 Praesenti
688 987 790 1072 igitur
811 1006 968 1071 responso
993 982 1096 1050 Sedes
1122 983 1324 1070 Apostolioa‚
1340 983 1513 1049 omnibus

408 1082 667 1149 circumstantiis
679 1085 861 1171 perpensis,
887 1084 1114 1170 comparativa
1129 1084 1358 1170 permissione,
1374 1105 1417 1146 ex
1436 1106 1515 1147 una

408 1191 500 1266 parte
524 1181 595 1248 lieri
620 1184 709 1264 sinit,
743 1192 779 1247 ιιι
802 1184 996 1268 compositio
1028 1183 1118 1247 cirea
1147 1183 1231 1248 duas
1254 1180 1385 1247 scholas
1408 1205 1514 1268 paro-

408 1278 532 1345 chiales
556 1282 591 1346 in
616 1279 788 1346 Faribault
814 1289 847 1344 et
879 1279 1057 1346 Stillwater
1079 1282 1163 1346 inita
1178 1283 1316 1368 impune
1338 1291 1512 1359 servetur,

407 1376 485 1442 licet
515 1378 631 1464 alege
662 1378 808 1464 generali
844 1377 1013 1452 deflectat:
1045 1401 1088 1443 ex
1125 1379 1229 1446 altera
1264 1390 1375 1445 autem
1406 1389 1513 1466 parte

408 1475 572 1559 prohibet,
610 1499 651 1543 ne
685 1479 759 1563 quis
792 1478 864 1562 ejus
903 1477 1129 1543 observationi
1161 1480 1250 1544 intre
1273 1480 1434 1544 terminos
1469 1481 1510 1544 in

408 1574 539 1640 decreto
551 1598 724 1663 expressos
735 1575 1011 1661 impedimentum
1028 1586 1139 1664 ponat,
1154 1577 1356 1659 ,indiscretis
1371 1578 1510 1664 impug-

408 1675 600 1740 nationibus
625 1675 690 1740 line
714 1675 921 1760 imposit0‘1).

496 1773 668 1839 Judicium
706 1773 747 1837 de
782 1775 816 1838 vi
849 1795 889 1838 ac
923 1773 1070 1858 pondere
1105 1774 1247 1839 duorum
1283 1775 1510 1839 terminorum

408 1871 513 1956 ipsius
537 1873 785 1959 comparativae
808 1872 1045 1957 permissionis,
1080 1895 1174 1958 quae,
1200 1875 1294 1937 utin
1319 1875 1410 1938 omni
1436 1873 1511 1938 alia

407 1969 592 2054 tolerantia,
617 1974 663 2036 ita
687 1980 719 2034 et
743 1973 778 2034 in
802 1970 866 2035 hac
890 1979 1001 2035 nostra
1025 1971 1120 2052 inest,
1145 1993 1166 2034 e
1182 1992 1320 2035 numero
1337 1994 1377 2035 ac
1391 1973 1509 2056 gravi-

406 2078 474 2134 tate
500 2090 674 2136 causarum
698 2070 833 2154 pendet,
856 2069 977 2155 quibus
1001 2068 1101 2133 ducta
1126 2069 1158 2134 S.
1185 2067 1405 2154 Congregatio
1424 2070 1509 2136 tole-

407 2163 550 2233 rantiam
576 2170 767 2254 praedictae
792 2168 1042 2253 compositionis
1065 2169 1101 2232 in
1125 2190 1203 2233 casu
1228 2167 1387 2236 decrevit.

495 2384 548 2452 60.
582 2385 648 2451 Sed
673 2406 758 2470 quae
782 2383 917 2447 demum
947 2405 1078 2468 cunque
1103 2405 1162 2448 eae
1186 2405 1307 2448 causae
1332 2384 1408 2466 sint,
1433 2383 1505 2448 duo

410 2481 494 2546 haec
519 2483 682 2548 corollarii
706 2485 772 2548 ritu
797 2483 911 2547 inferri
937 2480 1072 2545 debent:

497 2605 527 2649 a.
552 2583 653 2664 (cirea
668 2593 820 2647 naturam
837 2580 973 2663 deonoti)
998 2601 1155 2665 praeseus
1167 2601 1364 2666 responsum
1382 2600 1504 2644 verum

454 2701 523 2744 esse
548 2681 717 2746 decretum
742 2681 873 2766 proprie
898 2676 1007 2742 dictae
1031 2677 1237 2762 tolerantiae,
1261 2700 1328 2742 non
1344 2679 1502 2762 gratiose,

453 2777 511 2842 sed
535 2789 669 2865 propter
693 2779 856 2843 exteriora
880 2798 989 2840 rerum
1014 2776 1173 2862 adjuncta
1194 2777 1366 2859 editum²);

498 2877 525 2942 b.
551 2877 654 2963 (circa
678 2878 749 2964 ejus
766 2876 1084 2963 interpretationem)
1108 2875 1217 2940 eidem
1234 2875 1432 2961 exponendo
1448 2898 1502 2939 ac-

454 2976 713 3042 commodandas
752 2997 822 3039 esse
861 2975 1065 3038 restrictivas
1105 2973 1179 3039 illas
1217 2974 1501 3060 interpretationis

452 3073 593 3159 regulas,
618 3097 702 3158 quos
726 3075 799 3159 jura
823 3070 1062 3140 inviolabiliter
1086 3073 1268 3138 servandas
1305 3093 1376 3136 esse
1409 3095 1501 3158 prae·

454 3173 606 3237 scribunt
638 3174 681 3238 ad
704 3174 888 3257 genuinum
921 3192 1054 3235 sensum
1085 3171 1167 3257 legis
1191 3171 1326 3235 odiosae
1357 3170 1420 3234 rite
1445 3170 1499 3234 de·

453 3271 738 3357 prehendendum.

496 3370 593 3434 Prius
617 3369 826 3434 corollarium
858 3369 947 3453 quod
982 3378 1118 3454 spectat,
1152 3390 1220 3432 non
1253 3376 1302 3432 est
1324 3366 1414 3453 quod
1444 3366 1500 3432 hic

409 3490 497 3532 nova
520 3469 740 3554 proferantur,
766 3489 868 3554 quum
886 3467 927 3531 de
943 3466 1128 3532 rationibus
1144 3468 1286 3551 propriis
1306 3465 1499 3530 tolerantiae

410 3567 516 3652 deque
541 3567 651 3631 indole
676 3567 799 3631 decreti
824 3565 973 3651 ejusdem
1004 3565 1086 3629 adeo
1111 3564 1183 3628 fuse
1207 3565 1280 3648 jam
1305 3563 1498 3648 dixerimus,

409 3675 446 3729 ut
458 3668 524 3730 imo
537 3666 751 3730 metuendum
766 3668 817 3744 sit,
838 3687 880 3728 ne
891 3664 1039 3729 eruditus
1049 3663 1151 3727 lector
1162 3664 1305 3727 nimium
1320 3673 1423 3750 putet.

498 3767 550 3831 61.
576 3765 627 3828 De
642 3765 744 3829 altero
771 3763 955 3846 corollario,
980 3761 1070 3848 quod
1090 3771 1138 3824 est
1155 3760 1196 3825 dc
1214 3763 1498 3848 interpretationis

410 3863 575 3946 methodo,
601 3863 822 3928 animadverti
848 3861 962 3927 sedulo
987 3860 1096 3942 debet,
1128 3860 1217 3924 idem
1241 3859 1304 3925 hoc
1330 3861 1498 3925 decretum

408 3985 451 4026 ex
475 3961 599 4048 duplici
625 3964 733 4048 capite
757 3983 828 4025 esse
852 3960 1013 4042 odiosum,
1040 3982 1082 4023 ex
1099 3961 1237 4022 materia
1255 3958 1392 4041 scilicet,
1413 3969 1497 4023 etex

408 4061 531 4144 forma3
557 4061 700 4146 indeque
725 4062 870 4125 maxime
893 4059 935 4123 ad
964 4060 1167 4124 restrictivas
1190 4058 1321 4143 regulas
1345 4080 1416 4122 esse
1445 4079 1497 4122 ex-

500 4292 523 4365 1)
551 4294 591 4348 De
619 4293 647 4347 vi
671 4291 781 4361 proprie
798 4291 878 4360 hujus
904 4290 1036 4344 formulae
1065 4290 1142 4357 plura
1170 4289 1286 4358 accipies
1304 4288 1378 4343 infra
1400 4305 1445 4346 un.
1465 4290 1496 4343 75

409 4376 487 4429 -le
574 4373 595 4441 ²)
618 4374 717 4428 Recole
736 4389 805 4440 quae
829 4373 952 4440 superius
971 4371 1161 4426 animadversa
1178 4375 1244 4425 sunt
1264 4387 1311 4428 nn.
1331 4370 1445 4436 52-54,
1467 4385 1498 4424 ac

409 4455 471 4511 ride
493 4455 576 4510 etiam
594 4453 708 4510 inferius
727 4454 840 4509 dicenda
858 4470 885 4509 n.
905 4453 947 4509 69.

925 4559 980 4632 (44)
