3218 5446
652 511 688 568 11.
709 512 750 569 De
767 511 918 566 rationibus
935 511 1039 566 doomti
1058 509 1221 568 tolerantiae

391 625 582 634 ψ..
592 625 630 632 ...ω
650 625 669 632 ..
710 625 726 630 ..
737 625 746 630 .
761 624 864 632 --..—
874 623 960 630 --....-.
973 623 1003 630 u-
1018 623 1030 630 ·
1059 623 1077 630 .-
1117 623 1236 630 --.---
1247 621 1502 630 ------...-

392 694 573 759 sedetiam
597 693 729 775 majoris
762 690 840 756 mali
874 689 1090 778 wandalique
1121 689 1308 778 periculum
1352 691 1394 752 in
1431 687 1503 752 reli-

391 793 500 878 gionis
523 792 702 877 perniciem
728 787 933 876 impendere:
960 789 1051 874 Papa
1075 789 1270 870 ,rescribens
1294 787 1341 852 ad
1369 809 1503 850 memo-

391 897 481 954 ratas
502 888 614 953 literas
636 889 902 974 (episcoporum),
937 886 1070 952 tolerari
1086 910 1183 974 possa
1206 885 1415 964 declaravit,
1457 895 1502 964 ut,

393 989 521 1073 quotics
543 1009 585 1050 ex
608 995 804 1073 temporum,
827 985 974 1050 locorum
998 1008 1039 1050 ac
1057 1007 1274 1072 personarum
1292 984 1502 1050 conditione

394 1085 640 1149 matrimonium
664 1083 839 1148 acatholici
865 1085 928 1148 viri
963 1105 1038 1148 cum
1072 1083 1237 1148 catholica
1271 1082 1433 1161 muliere,
1470 1091 1502 1144 et
1542 1169 1543 1174 η

393 1183 553 1265 vicissim,
570 1183 698 1248 omissis
714 1181 792 1248 licet
807 1185 1002 1248 necessariis
1013 1183 1236 1264 cautionibus,
1252 1183 1324 1248 siue
1337 1181 1499 1266 graviori

395 1281 586 1346 discrimine
625 1291 768 1367 nequeat
809 1281 974 1369 impediri,
1014 1291 1114 1368 atque
1151 1283 1289 1368 insuper
1325 1278 1499 1343 ecclesiae

395 1378 529 1443 utilitati
559 1381 792 1466 communique
827 1379 914 1444 bono
953 1379 1111 1466 expedire
1137 1379 1300 1460 videatur,
1339 1379 1367 1442 si
1395 1377 1497 1442 illud.

394 1479 608 1564 quantumvis
621 1480 761 1543 vetitum
786 1487 818 1542 et
841 1477 1004 1557 illicitum,
1030 1500 1141 1544 coram
1158 1477 1322 1543 catholico
1338 1475 1497 1562 parocho

395 1578 514 1662 potius,
540 1598 639 1661 quam
663 1598 772 1640 coram
798 1577 948 1641 ministro
973 1575 1167 1658 acatholico,
1192 1575 1235 1640 ad
1259 1597 1360 1661 quem
1376 1585 1497 1660 partes

394 1674 492 1740 facile
507 1675 732 1759 confugerent,
757 1673 981 1757 contrahatur,
1006 1674 1094 1739 idem
1107 1673 1290 1739 catholicus
1307 1673 1495 1760 parochus,

394 1773 521 1838 aliusve
544 1773 696 1838 sacerdos
721 1774 791 1859 ejus
816 1775 890 1838 vice
913 1772 1065 1857 fungens,
1090 1773 1308 1838 matrimonio¹
1331 1773 1395 1857 ipsi
1424 1794 1496 1836 ma·

394 1869 501 1935 teriali
524 1881 652 1936 tantum
677 1873 877 1957 praesentia,
900 1871 990 1936 nullo
1014 1870 1165 1936 adhibito
1179 1869 1404 1936 ecclesiastico
1423 1872 1496 1934 ritu

395 1971 531 2047 intersit,
557 1969 694 2055 perinde
717 1993 756 2034 ac
780 1971 806 2034 si
831 1980 941 2057 partes
973 1971 1071 2034 unice
1101 1978 1179 2055 agat
1203 1970 1284 2034 meri
1308 1970 1420 2050 testis,
1454 1980 1496 2032 ut

394 2068 498 2152 ajunt,
508 2066 690 2154 qualificati
701 2089 759 2132 eeu
771 2067 1028 2150 authorisabilis,
1042 2069 1088 2131 ita
1104 2066 1241 2150 scilicet,
1253 2075 1299 2148 ut,
1311 2069 1495 2154 utriusque

395 2165 545 2251 conjugis
568 2166 681 2230 audito
698 2189 871 2249 consensu,
897 2165 1056 2252 deinceps
1083 2187 1142 2252 pro
1165 2187 1224 2230 suo
1241 2165 1351 2231 officio
1372 2177 1494 2230 actum

394 2264 504 2330 valide
527 2274 657 2348 gestum
681 2267 716 2330 iu
741 2267 1027 2330 matrimoniorum
1055 2262 1178 2329 librum
1208 2263 1318 2328 valeat
1340 2264 1493 2332 referrc‘.

482 2365 532 2428 Ea
567 2365 602 2429 in
634 2363 855 2450 descriptione
897 2364 1009 2427 omnia
1049 2363 1213 2428 elementa
1267 2364 1494 2428 constitutiva

395 2484 492 2526 verae
530 2463 727 2549 proprieque
762 2462 871 2526 dictae
908 2461 1102 2527 tolerantiae
1136 2461 1258 2527 clarius
1290 2463 1492 2545 efferuntur,

395 2581 494 2646 quam
519 2571 554 2625 ut
577 2561 723 2626 ulteriori
749 2560 973 2625 declaratione
998 2582 1081 2646 opus
1104 2562 1157 2626 sit.

483 2767 536 2832 47.
559 2766 671 2832 Unum
687 2777 798 2832 tamen
812 2777 922 2850 restat,
939 2766 982 2832 ad
1000 2767 1088 2853 quod
1102 2766 1234 2834 lectoris
1250 2769 1410 2846 animum,
1426 2789 1492 2854 per

396 2868 603 2930 occasionem
660 2867 841 2952 praesentis
890 2867 1028 2950 negotii,
1077 2868 1193 2931 iterato
1239 2865 1489 2931 advertendum

397 2985 583 3045 censemus3
608 2963 783 3047 diligenter
806 2967 964 3028 nimirum
981 2964 1130 3029 attendat
1149 2974 1277 3050 oportet
1294 2965 1490 3048 discrimen,

396 3063 519 3148 inquo
544 3064 715 3149 utriusque
737 3065 975 3149 permissionis,
1001 3063 1258 3149 dispensationis
1290 3073 1322 3128 et
1344 3063 1490 3128 toleran-

396 3162 471 3242 tiae,
496 3161 632 3225 effectus
655 3172 831 3226 versantur
855 3162 944 3245 (heic
969 3185 1023 3227 nn.
1041 3163 1199 3243 24-25).

484 3259 538 3323 De
554 3261 587 3324 vi
613 3282 653 3324 ac
675 3263 802 3324 ratione
827 3263 1053 3346 permissionis
1082 3261 1361 3348 ‚dispensationis‘
1385 3260 1490 3326 Oun-

397 3355 462 3423 cil.
500 3357 656 3442 plener.
691 3358 910 3427 *baltimor
940 3370 1034 3425 tert.
1073 3369 1162 3425 recte
1199 3359 1492 3442 animadvertit¹):'

395 3451 520 3540 ,Quum
545 3459 792 3522 matrimonium
809 3460 951 3523 mixtum
967 3459 1088 3523 debitis
1105 3459 1315 3524 cautionibus
1334 3460 1491 3546 superius

396 3553 552 3618 indicatis
576 3564 608 3619 et
631 3556 877 3642 dispensatione
910 3557 1045 3622 obtenta
1069 3558 1284 3640 contrahitur,
1309 3557 1392 3623 illud
1417 3568 1492 3623 tan-

396 3665 496 3728 quam
508 3642 703 3728 legitimum,
727 3656 764 3711 ut
778 3655 877 3732 patet,
903 3646 1018 3712 haberi
1043 3647 1151 3731 debet,
1178 3659 1291 3734 utpote
1312 3651 1489 3734 interper-

396 3762 493 3805 sonas
525 3743 655 3826 initum,
691 3766 773 3830 quas
804 3745 944 3810 ecclesia
975 3746 1113 3830 agnovit
1147 3748 1181 3811 in
1214 3747 1278 3812 illis
1316 3741 1490 3833 adjunctis

396 3837 591 3904 hab'ilesad
615 3840 725 3906 valide
752 3853 784 3906 et
800 3842 890 3907 licite
915 3846 1161 3908 matrimonium
1192 3845 1488 3910 contrahendum‘:

396 3938 632 4021 impedimento
657 3940 856 4027 scilicetper
883 3942 1058 4027 providam
1084 3942 1166 4026 legis
1186 3944 1424 4008 relaxationem
1440 3945 1489 4008 *in

397 4035 556 4122 peculiari
580 4037 635 4101 illo
661 4061 739 4102 casu
763 4041 824 4103 rite
849 4039 987 4105 sublate.

485 4133 674 4200 Tolerautia
699 4147 812 4201 contra
836 4138 1110 4224 impedimentum
1137 4161 1201 4203 non
1226 4140 1327 4223 laxat,
1344 4142 1489 4227 ideoque

397 4234 653 4316 matrimonium,
678 4259 697 4298 a
713 4239 861 4320 personis
885 4236 1091 4301 inhabilibus
1115 4237 1156 4301 ad
1181 4237 1270 4302 licite
1291 4241 1488 4305 contrahen-

489 4446 510 4518 1)
529 4446 583 4500 ris.
602 4450 619 4501 4
638 4464 659 4504 e.
679 4450 703 4514 a,
724 4450 782 4506 nee.

911 4555 967 4626 (32)
