3218 5446
371 551 491 620 exemplo
510 551 660 605 amaricans
678 548 833 615 illustratis,
852 564 897 606 nn.
918 547 1025 602 bor-56

957 660 1250 668 --—--—--——

246 839 299 907 55.
325 842 375 904 De
398 839 654 918 causis'decreti.
680 835 819 920 Causae,
844 835 967 922 quibus
983 843 1133 922 permota
1149 833 1252 898 Sedes

158 937 352 1024 Apostolica
375 937 587 1003 tolerantiam
611 938 658 1019 ,in
674 937 765 1000 casu‘
789 935 962 1018 concessit,
980 936 1016 998 in
1033 934 1165 998 decreto
1182 954 1252 996 non

157 1036 363 1119 indicantur3
396 1036 538 1121 ideoque
573 1033 820 1116 ,arbitrarium‘,
853 1032 884 1099 h.
910 1054 948 1116 e.,
980 1031 1121 1097 liberum
1154 1033 1252 1096 inter·

156 1138 239 1221 preti
264 1121 475 1221 relinquitur,
500 1155 556 1198 eas
580 1156 621 1198 ex
647 1131 864 1196 consideratis
889 1133 972 1196 actis
996 1141 1096 1217 atque
1111 1153 1153 1194 ex
1169 1152 1251 1216 ,per-

157 1236 270 1320 pensis
293 1234 475 1320 adjunctis‘
498 1254 624 1314 eruere,
649 1252 715 1295 non
741 1228 876 1316 quidem
901 1229 1094 1294 authentica
1127 1251 1167 1293 ac
1199 1229 1251 1293 de-

158 1335 299 1397 cretoria
316 1332 522 1414 definitione,
539 1331 597 1396 sed
614 1330 687 1394 aliis
702 1351 834 1416 quoque
850 1329 967 1394 eadem
984 1329 1251 1413 investigationis
1358 1324 1362 1332 ’

155 1429 309 1495 libertate
341 1453 513 1495 concessa:
543 1430 642 1516 juxta
667 1428 794 1492 dictum
819 1427 918 1492 finale
943 1429 1106 1512 magistri:
1144 1426 1252 1509 ,Aliae

154 1529 300 1592 rationes
325 1528 408 1592 forte
433 1550 533 1615 super
555 1527 619 1592 hoc
642 1526 738 1591 reddi
755 1536 898 1612 possent,
924 1549 1007 1612 quas
1022 1548 1080 1612 per
1095 1527 1249 1612 teipsum,

154 1635 191 1690 tu
216 1624 373 1710 studiose,
399 1626 596 1691 adinvenire
620 1625 803 1708 curabis‘¹).
1111 1685 1119 1702 ,

245 1723 361 1810 Neque
386 1747 465 1789 sane
490 1734 548 1807 est,
573 1723 663 1810 quod
692 1746 751 1810 pro
776 1733 865 1788 certo
890 1724 1001 1788 dicere
1025 1723 1178 1804 audeam,
1203 1745 1250 1786 ra·

155 1823 261 1886 tiones
285 1822 410 1888 decreti
435 1825 470 1886 in
494 1825 568 1909 ipsa
591 1825 756 1909 scriptura
780 1823 964 1888 memoriali
981 1831 1153 1886 contentas
1169 1843 1250 1903 esse,

155 1942 256 2007 quam
280 1919 395 1986 Rmus.
421 1931 532 1986 orator
555 1923 649 1988 Eme.
676 1921 838 1986 cardinali
854 1921 1022 2008 praefecto
1044 1920 1250 2002 obtuleratl),

154 2029 192 2084 ut
219 2022 481 2084 controversiam
506 2029 687 2106 exponeret
717 2021 855 2106 ejusque
889 2020 1129 2102 definitionem,
1156 2042 1246 2104 prae·

155 2118 262 2203 cipuis
285 2118 453 2183 rationum
479 2121 655 2184 momentis
688 2119 852 2202 adductis,
884 2127 1107 2205 praepararet.
1154 2118 1251 2182 Licet

154 2218 243 2282 enim
277 2238 366 2298 casu,
403 2239 468 2302 quo
493 2239 607 2282 sacrae
639 2217 921 2303 Congregationes
953 2219 1163 2303 quaestiones
1196 2215 1251 2297 ,ad

153 2315 295 2379 formam
320 2317 500 2400 petitionis‘
529 2315 660 2381 oblatae
685 2317 826 2398 solvant,
851 2337 893 2380 ex
917 2315 1081 2402 ejusmodi
1105 2316 1251 2402 praeviis

154 2416 325 2500 scripturis
349 2412 393 2478 ad
412 2434 508 2478 veras
526 2412 736 2480 decretorum
751 2416 897 2479 rationes
911 2414 1123 2500 indagandas
1139 2413 1251 2478 aditus

154 2513 252 2577 detur
276 2522 375 2598 atque
401 2511 495 2576 utilia
516 2535 689 2599 nunquam
710 2535 776 2577 non
799 2512 1037 2597 depromantur
1053 2521 1251 2596 argumenta

153 2610 196 2676 ad
219 2612 400 2696 genuinam
433 2620 577 2675 mentem
610 2634 780 2676 sacrarum
806 2612 1110 2697 Congregationum
1147 2611 1249 2675 deter-

153 2709 363 2773 minandam:
400 2707 435 2773 id
467 2717 578 2774 tamen
614 2711 650 2774 in
680 2708 743 2774 hoc
777 2733 973 2796 responsum
1007 2733 1074 2775 non
1097 2710 1249 2796 quadrat,

153 2830 255 2893 quum
281 2831 305 2873 s.
330 2807 553 2892 Congregatio
579 2810 788 2894 quaestiones
803 2811 988 2896 propositas
1013 2811 1059 2892 ,in
1076 2809 1249 2894 formape-

153 2907 294 2971 titionis‘
319 2927 386 2970 non
411 2905 584 2971 admiserit
608 2908 862 2972 examinandas.

242 3006 356 3070 Rmus.
382 3013 492 3068 orator
515 3005 627 3070 libello
651 3007 713 3070 rite
737 3005 847 3071 oblato
873 3006 998 3093 duplex
1018 3006 1081 3071 hoc
1096 3008 1248 3093 ,petitum

154 3106 286 3167 causae‘
311 3100 536 3167 subnexuerat
560 3126 591 3189 p.
616 3105 674 3168 27:

241 3199 272 3286 I)
296 3200 402 3284 Prego
427 3200 545 3286 quindi
573 3200 783 3269 l'Eminenza
809 3205 930 3270 Vestra
953 3204 1047 3272 Rma.
1082 3205 1116 3270 di
1149 3204 1246 3269 liber-

151 3299 235 3362 armi
261 3320 327 3362 una
352 3297 443 3363 volta
467 3322 670 3387 persempre
694 3303 749 3367 dai
775 3305 853 3368 mici
870 3306 1002 3383 nemici,
1017 3305 1051 3368 di
1067 3304 1248 3369 vendicare

151 3395 183 3460 la
207 3399 275 3460 mia
299 3397 466 3483 condotta,
500 3421 517 3462 c
543 3399 575 3463 di
602 3399 765 3486 dissipare
795 3401 825 3466 le
857 3396 1084 3488 apprensioni,
1117 3403 1247 3467 olorse

151 3493 259 3558 anche
283 3493 314 3558 le
338 3496 563 3582 rappresaglie
597 3498 649 3562 del
673 3499 792 3584 popolo
825 3503 1025 3584 amaricano,
1058 3501 1247 3588 particolar-

151 3601 262 3656 mente
293 3593 328 3656 in
352 3596 460 3679 questi
491 3597 605 3680 tempi,
637 3598 772 3683 quando
807 3599 839 3663 la
871 3599 1006 3684 politica
1046 3599 1099 3665 del
1127 3597 1246 3665 Nostro

151 3689 253 3755 Sento
277 3690 386 3755 Padre
410 3693 429 3756 e
453 3691 486 3756 di
511 3696 641 3776 seguire
666 3718 732 3760 una
757 3697 893 3782 politica
917 3696 951 3762 di
976 3699 1246 3764 riconcilianione

150 3788 234 3853 collo
258 3791 372 3874 spirito
398 3789 451 3855 del
468 3792 782 3878 repubblicanismo.

239 3887 286 3968 Il)
311 3887 418 3972 Prego
441 3912 523 3976 pure
548 3914 614 3956 una
637 3895 780 3978 risposta
796 3893 861 3980 alla
878 3897 1051 3980 questione
1072 3906 1244 3982 seguente:

151 3983 191 4048 ln
217 3986 304 4049 vista
329 3986 381 4050 del
419 3987 499 4051 fatto
536 3989 617 4073 che,
654 4013 754 4056 causa
786 3992 819 4056 la
856 3997 1012 4078 proverta
1050 3993 1102 4060 del
1134 4004 1245 4060 nostro

150 4081 280 4167 popolo,
304 4082 335 4146 le
358 4088 565 4170 provvisioni
582 4087 635 4153 del
648 4087 797 4154 Concilio
823 4090 857 4156 di
881 4092 1063 4159 Baltimora
1086 4095 1243 4180 riguardo

150 4247 364 4257 ———-.

240 4322 260 4395 ¹)
282 4321 328 4378 Ita
345 4325 383 4394 gl.
402 4326 437 4380 ad
455 4326 483 4382 O.
504 4326 574 4394 Quia
591 4329 620 4383 in
630 4327 793 4388 futurorum.
812 4349 857 4390 un.
877 4333 910 4388 de
923 4340 1102 4393 torneament.
1128 4336 1244 4397 Extrav.

147 4403 246 4462 Joanu.
265 4404 355 4463 XXII.
374 4421 400 4462 v.
418 4423 463 4474 ‚ex
482 4409 569 4462 causis
588 4409 813 4470 rationabilibus‘.
906 4415 928 4483 ²)
948 4416 1104 4487 ,Questionc
1121 4419 1182 4474 sull'
1201 4420 1242 4475 in·

148 4491 326 4557 sagramento
345 4488 490 4544 cattolico‘.

668 4600 724 4674 co
