<?xml version="1.0" encoding="UTF-8"?>
<!DOCTYPE html PUBLIC "-//W3C//DTD XHTML 1.0 Transitional//EN"
    "http://www.w3.org/TR/xhtml1/DTD/xhtml1-transitional.dtd">
<html xmlns="http://www.w3.org/1999/xhtml" xml:lang="en" lang="en">
 <head>
  <title>
</title>
<meta http-equiv="Content-Type" content="text/html;charset=utf-8" />
  <meta name='ocr-system' content='tesseract 3.04.00' />
  <meta name='ocr-capabilities' content='ocr_page ocr_carea ocr_par ocr_line ocrx_word'/>
</head>
<body>
  <div class='ocr_page' id='page_1' title='image "./toleraripotestd00nillgoog_0022.png"; bbox 0 0 3218 5446; ppageno 0'>
   <div class='ocr_carea' id='block_1_1' title="bbox 346 571 998 638">
    <p class='ocr_par' dir='ltr' id='par_1_1' title="bbox 346 571 998 638">
     <span class='ocr_line' id='line_1_1' title="bbox 346 571 998 638; baseline 0 -10"><span class='ocrx_word' id='word_1_1' title='bbox 346 595 348 600; x_wconf 95' lang='lat'>·</span> <span class='ocrx_word' id='word_1_2' title='bbox 381 589 415 628; x_wconf 86' lang='lat' dir='ltr'>ex</span> <span class='ocrx_word' id='word_1_3' title='bbox 432 574 540 629; x_wconf 73' lang='lat' dir='ltr'>demeto</span> <span class='ocrx_word' id='word_1_4' title='bbox 558 573 686 628; x_wconf 82' lang='lat' dir='ltr'>Gratiani</span> <span class='ocrx_word' id='word_1_5' title='bbox 705 571 798 638; x_wconf 86' lang='lat' dir='ltr'>erutis,</span> <span class='ocrx_word' id='word_1_6' title='bbox 817 587 863 628; x_wconf 88' lang='lat' dir='ltr'>nn.</span> <span class='ocrx_word' id='word_1_7' title='bbox 883 572 998 628; x_wconf 74' lang='lat'><strong>21-24.</strong></span> 
     </span>
    </p>
   </div>
   <div class='ocr_carea' id='block_1_2' title="bbox 147 752 1243 1333">
    <p class='ocr_par' dir='ltr' id='par_1_2' title="bbox 147 752 1243 1333">
     <span class='ocr_line' id='line_1_2' title="bbox 150 752 1243 841; baseline -0.001 -22"><span class='ocrx_word' id='word_1_8' title='bbox 150 752 262 834; x_wconf 78' lang='lat' dir='ltr'>Quare</span> <span class='ocrx_word' id='word_1_9' title='bbox 286 755 453 841; x_wconf 85' lang='lat' dir='ltr'>quaesivit</span> <span class='ocrx_word' id='word_1_10' title='bbox 474 754 654 819; x_wconf 87' lang='lat' dir='ltr'>Januarius</span> <span class='ocrx_word' id='word_1_11' title='bbox 686 755 727 820; x_wconf 90' lang='lat' dir='ltr'>ab</span> <span class='ocrx_word' id='word_1_12' title='bbox 752 753 953 838; x_wconf 84' lang='lat' dir='ltr'>Augustino,</span> <span class='ocrx_word' id='word_1_13' title='bbox 977 761 1089 818; x_wconf 88' lang='lat' dir='ltr'>utrum</span> <span class='ocrx_word' id='word_1_14' title='bbox 1113 753 1176 818; x_wconf 90' lang='lat' dir='ltr'>hoc</span> <span class='ocrx_word' id='word_1_15' title='bbox 1199 755 1243 818; x_wconf 91' lang='lat' dir='ltr'>sit</span> 
     </span>
     <span class='ocr_line' id='line_1_3' title="bbox 147 849 1240 939; baseline 0.003 -25"><span class='ocrx_word' id='word_1_16' title='bbox 147 851 363 918; x_wconf 80' lang='lat' dir='ltr'>faciendum?</span> <span class='ocrx_word' id='word_1_17' title='bbox 388 849 431 917; x_wconf 86' lang='lat' dir='ltr'>Et</span> <span class='ocrx_word' id='word_1_18' title='bbox 447 851 636 938; x_wconf 82' lang='lat' dir='ltr'><strong>respondet,</strong></span> <span class='ocrx_word' id='word_1_19' title='bbox 661 852 750 939; x_wconf 91' lang='lat' dir='ltr'>quod</span> <span class='ocrx_word' id='word_1_20' title='bbox 766 873 847 934; x_wconf 81' lang='lat' dir='ltr'>nen3</span> <span class='ocrx_word' id='word_1_21' title='bbox 863 852 973 915; x_wconf 88' lang='lat' dir='ltr'>miuus</span> <span class='ocrx_word' id='word_1_22' title='bbox 988 860 1101 916; x_wconf 90' lang='lat' dir='ltr'>tamen</span> <span class='ocrx_word' id='word_1_23' title='bbox 1116 851 1240 917; x_wconf 89' lang='lat' dir='ltr'>malum</span> 
     </span>
     <span class='ocr_line' id='line_1_4' title="bbox 148 949 1241 1037; baseline 0 -22"><span class='ocrx_word' id='word_1_24' title='bbox 148 959 197 1015; x_wconf 88' lang='lat' dir='ltr'>est</span> <span class='ocrx_word' id='word_1_25' title='bbox 208 949 271 1015; x_wconf 90' lang='lat' dir='ltr'>hoo</span> <span class='ocrx_word' id='word_1_26' title='bbox 283 949 401 1032; x_wconf 86' lang='lat' dir='ltr'>facere,</span> <span class='ocrx_word' id='word_1_27' title='bbox 420 973 520 1037; x_wconf 87' lang='lat' dir='ltr'>quam</span> <span class='ocrx_word' id='word_1_28' title='bbox 538 949 709 1014; x_wconf 86' lang='lat' dir='ltr'>consulere</span> <span class='ocrx_word' id='word_1_29' title='bbox 725 950 911 1031; x_wconf 87' lang='lat' dir='ltr'>daemonia,</span> <span class='ocrx_word' id='word_1_30' title='bbox 936 958 968 1013; x_wconf 91' lang='lat' dir='ltr'>et</span> <span class='ocrx_word' id='word_1_31' title='bbox 984 950 1032 1013; x_wconf 89' lang='lat' dir='ltr'>sio</span> <span class='ocrx_word' id='word_1_32' title='bbox 1041 951 1153 1036; x_wconf 76' lang='lat' dir='ltr'>potius</span> <span class='ocrx_word' id='word_1_33' title='bbox 1171 973 1241 1036; x_wconf 88' lang='lat' dir='ltr'>per-</span> 
     </span>
     <span class='ocr_line' id='line_1_5' title="bbox 147 1047 1241 1134; baseline 0 -20"><span class='ocrx_word' id='word_1_34' title='bbox 147 1051 299 1130; x_wconf 83' lang='lat' dir='ltr'><strong>mittitur,</strong></span> <span class='ocrx_word' id='word_1_35' title='bbox 323 1057 361 1111; x_wconf 93' lang='lat' dir='ltr'>ut</span> <span class='ocrx_word' id='word_1_36' title='bbox 384 1051 528 1113; x_wconf 88' lang='lat' dir='ltr'>evitetur</span> <span class='ocrx_word' id='word_1_37' title='bbox 551 1047 658 1134; x_wconf 85' lang='lat' dir='ltr'>majus</span> <span class='ocrx_word' id='word_1_38' title='bbox 682 1047 816 1113; x_wconf 89' lang='lat' dir='ltr'>malum.</span> <span class='ocrx_word' id='word_1_39' title='bbox 841 1048 885 1111; x_wconf 88' lang='lat' dir='ltr'>Et</span> <span class='ocrx_word' id='word_1_40' title='bbox 908 1047 991 1113; x_wconf 88' lang='lat' dir='ltr'>haec</span> <span class='ocrx_word' id='word_1_41' title='bbox 1015 1056 1064 1112; x_wconf 89' lang='lat' dir='ltr'>est</span> <span class='ocrx_word' id='word_1_42' title='bbox 1078 1071 1241 1134; x_wconf 79' lang='lat' dir='ltr'>compara·</span> 
     </span>
     <span class='ocr_line' id='line_1_6' title="bbox 147 1145 1240 1235; baseline 0.001 -23"><span class='ocrx_word' id='word_1_43' title='bbox 147 1150 214 1212; x_wconf 80' lang='lat' dir='ltr'>tivo</span> <span class='ocrx_word' id='word_1_44' title='bbox 241 1148 423 1235; x_wconf 75' lang='lat' dir='ltr'>permissio,</span> <span class='ocrx_word' id='word_1_45' title='bbox 459 1147 501 1212; x_wconf 92' lang='lat' dir='ltr'>de</span> <span class='ocrx_word' id='word_1_46' title='bbox 531 1169 598 1234; x_wconf 88' lang='lat' dir='ltr'>qua</span> <span class='ocrx_word' id='word_1_47' title='bbox 628 1155 762 1210; x_wconf 89' lang='lat' dir='ltr'>notatur</span> <span class='ocrx_word' id='word_1_48' title='bbox 794 1169 894 1231; x_wconf 88' lang='lat' dir='ltr'>supra</span> <span class='ocrx_word' id='word_1_49' title='bbox 926 1145 962 1212; x_wconf 80' lang='lat' dir='ltr'>O.</span> <span class='ocrx_word' id='word_1_50' title='bbox 987 1145 1105 1211; x_wconf 89' lang='lat' dir='ltr'>Omnis</span> <span class='ocrx_word' id='word_1_51' title='bbox 1122 1148 1159 1212; x_wconf 86' lang='grc'>,4.</span> <span class='ocrx_word' id='word_1_52' title='bbox 1184 1147 1240 1214; x_wconf 87' lang='lat' dir='ltr'>fin.</span> 
     </span>
     <span class='ocr_line' id='line_1_7' title="bbox 147 1243 1239 1333; baseline 0.002 -22"><span class='ocrx_word' id='word_1_53' title='bbox 147 1246 221 1314; x_wconf 86' lang='lat' dir='ltr'>dist.</span> <span class='ocrx_word' id='word_1_54' title='bbox 236 1247 283 1311; x_wconf 86' lang='lat'>3‘:</span> <span class='ocrx_word' id='word_1_55' title='bbox 301 1268 386 1333; x_wconf 89' lang='lat' dir='ltr'>quae</span> <span class='ocrx_word' id='word_1_56' title='bbox 401 1247 512 1333; x_wconf 89' lang='lat' dir='ltr'>potius</span> <span class='ocrx_word' id='word_1_57' title='bbox 536 1243 723 1332; x_wconf 87' lang='lat' dir='ltr'>appellatur</span> <span class='ocrx_word' id='word_1_58' title='bbox 748 1244 930 1325; x_wconf 72' lang='lat' dir='ltr'>tolerantia,</span> <span class='ocrx_word' id='word_1_59' title='bbox 945 1265 1044 1330; x_wconf 90' lang='lat' dir='ltr'>quam</span> <span class='ocrx_word' id='word_1_60' title='bbox 1055 1247 1239 1331; x_wconf 89' lang='lat' dir='ltr'>permissio.</span> 
     </span>
    </p>
   </div>
   <div class='ocr_carea' id='block_1_3' title="bbox 141 1421 1240 2694">
    <p class='ocr_par' dir='ltr' id='par_1_3' title="bbox 141 1421 1240 2497">
     <span class='ocr_line' id='line_1_8' title="bbox 235 1421 1240 1511; baseline 0 -21"><span class='ocrx_word' id='word_1_61' title='bbox 235 1426 288 1490; x_wconf 82' lang='lat'>23.</span> <span class='ocrx_word' id='word_1_62' title='bbox 323 1423 431 1489; x_wconf 86' lang='lat' dir='ltr'>Simili</span> <span class='ocrx_word' id='word_1_63' title='bbox 455 1424 560 1489; x_wconf 83' lang='lat' dir='ltr'>ferme</span> <span class='ocrx_word' id='word_1_64' title='bbox 584 1425 712 1488; x_wconf 87' lang='lat' dir='ltr'>ratione</span> <span class='ocrx_word' id='word_1_65' title='bbox 736 1423 810 1487; x_wconf 88' lang='lat' dir='ltr'>aliis</span> <span class='ocrx_word' id='word_1_66' title='bbox 834 1424 869 1488; x_wconf 91' lang='lat' dir='ltr'>iu</span> <span class='ocrx_word' id='word_1_67' title='bbox 892 1421 975 1488; x_wconf 89' lang='lat' dir='ltr'>locis</span> <span class='ocrx_word' id='word_1_68' title='bbox 996 1423 1124 1508; x_wconf 90' lang='lat' dir='ltr'>primae</span> <span class='ocrx_word' id='word_1_69' title='bbox 1140 1424 1240 1511; x_wconf 89' lang='lat' dir='ltr'>hujus</span> 
     </span>
     <span class='ocr_line' id='line_1_9' title="bbox 145 1522 1240 1611; baseline -0.001 -22"><span class='ocrx_word' id='word_1_70' title='bbox 145 1527 248 1611; x_wconf 90' lang='lat' dir='ltr'>partis</span> <span class='ocrx_word' id='word_1_71' title='bbox 271 1526 419 1608; x_wconf 87' lang='lat' dir='ltr'>corporis</span> <span class='ocrx_word' id='word_1_72' title='bbox 455 1523 542 1608; x_wconf 88' lang='lat' dir='ltr'>juris</span> <span class='ocrx_word' id='word_1_73' title='bbox 575 1523 729 1587; x_wconf 85' lang='lat' dir='ltr'>canonici</span> <span class='ocrx_word' id='word_1_74' title='bbox 763 1523 886 1608; x_wconf 90' lang='lat' dir='ltr'>passim</span> <span class='ocrx_word' id='word_1_75' title='bbox 919 1522 1071 1605; x_wconf 85' lang='lat' dir='ltr'>edicitur,</span> <span class='ocrx_word' id='word_1_76' title='bbox 1105 1524 1240 1609; x_wconf 88' lang='lat' dir='ltr'>majoris</span> 
     </span>
     <span class='ocr_line' id='line_1_10' title="bbox 145 1620 1239 1707; baseline 0 -19"><span class='ocrx_word' id='word_1_77' title='bbox 145 1623 225 1689; x_wconf 91' lang='lat' dir='ltr'>boni</span> <span class='ocrx_word' id='word_1_78' title='bbox 250 1643 351 1686; x_wconf 89' lang='lat' dir='ltr'>eausa</span> <span class='ocrx_word' id='word_1_79' title='bbox 374 1622 604 1707; x_wconf 85' lang='lat' dir='ltr'>comparativa</span> <span class='ocrx_word' id='word_1_80' title='bbox 627 1622 846 1707; x_wconf 80' lang='lat' dir='ltr'>permissione</span> <span class='ocrx_word' id='word_1_81' title='bbox 875 1621 1006 1686; x_wconf 91' lang='lat' dir='ltr'>minora</span> <span class='ocrx_word' id='word_1_82' title='bbox 1036 1620 1124 1686; x_wconf 87' lang='lat' dir='ltr'>mala</span> <span class='ocrx_word' id='word_1_83' title='bbox 1147 1623 1239 1688; x_wconf 90' lang='lat' dir='ltr'>iden·</span> 
     </span>
     <span class='ocr_line' id='line_1_11' title="bbox 144 1717 1239 1807; baseline 0 -21"><span class='ocrx_word' id='word_1_84' title='bbox 144 1721 247 1786; x_wconf 92' lang='lat' dir='ltr'>tidem</span> <span class='ocrx_word' id='word_1_85' title='bbox 272 1742 343 1784; x_wconf 87' lang='lat' dir='ltr'>esse</span> <span class='ocrx_word' id='word_1_86' title='bbox 375 1717 583 1786; x_wconf 84' lang='lat' dir='ltr'>admittenda</span> <span class='ocrx_word' id='word_1_87' title='bbox 615 1729 714 1806; x_wconf 88' lang='lat' dir='ltr'>atque</span> <span class='ocrx_word' id='word_1_88' title='bbox 747 1718 826 1783; x_wconf 89' lang='lat' dir='ltr'>inde</span> <span class='ocrx_word' id='word_1_89' title='bbox 859 1718 1069 1784; x_wconf 89' lang='lat' dir='ltr'>tolerantiam</span> <span class='ocrx_word' id='word_1_90' title='bbox 1102 1722 1137 1785; x_wconf 90' lang='lat' dir='ltr'>in</span> <span class='ocrx_word' id='word_1_91' title='bbox 1169 1744 1239 1807; x_wconf 89' lang='lat' dir='ltr'>per·</span> 
     </span>
     <span class='ocr_line' id='line_1_12' title="bbox 144 1816 1236 1906; baseline 0.001 -23"><span class='ocrx_word' id='word_1_92' title='bbox 144 1819 291 1884; x_wconf 87' lang='lat' dir='ltr'>ferendis</span> <span class='ocrx_word' id='word_1_93' title='bbox 314 1816 411 1882; x_wconf 90' lang='lat' dir='ltr'>malis</span> <span class='ocrx_word' id='word_1_94' title='bbox 435 1839 511 1881; x_wconf 88' lang='lat' dir='ltr'>cum</span> <span class='ocrx_word' id='word_1_95' title='bbox 534 1819 698 1904; x_wconf 89' lang='lat' dir='ltr'>patientia</span> <span class='ocrx_word' id='word_1_96' title='bbox 721 1818 955 1900; x_wconf 87' lang='lat' dir='ltr'>exercendam,</span> <span class='ocrx_word' id='word_1_97' title='bbox 980 1827 1017 1882; x_wconf 90' lang='lat' dir='ltr'>ut</span> <span class='ocrx_word' id='word_1_98' title='bbox 1032 1841 1120 1902; x_wconf 88' lang='lat' dir='ltr'>ecce,</span> <span class='ocrx_word' id='word_1_99' title='bbox 1136 1841 1236 1906; x_wconf 90' lang='lat' dir='ltr'>quum</span> 
     </span>
     <span class='ocr_line' id='line_1_13' title="bbox 144 1915 1239 2003; baseline 0 -22"><span class='ocrx_word' id='word_1_100' title='bbox 144 1919 255 2001; x_wconf 84' lang='lat' dir='ltr'>agitur</span> <span class='ocrx_word' id='word_1_101' title='bbox 277 1916 319 1981; x_wconf 92' lang='lat' dir='ltr'>de</span> <span class='ocrx_word' id='word_1_102' title='bbox 344 1917 513 1981; x_wconf 88' lang='lat' dir='ltr'>communi</span> <span class='ocrx_word' id='word_1_103' title='bbox 538 1916 699 1981; x_wconf 87' lang='lat' dir='ltr'>ecclesiae</span> <span class='ocrx_word' id='word_1_104' title='bbox 732 1915 821 1981; x_wconf 94' lang='lat' dir='ltr'>bono</span> <span class='ocrx_word' id='word_1_105' title='bbox 850 1915 1094 2003; x_wconf 82' lang='lat' dir='ltr'>stabiliend01),</span> <span class='ocrx_word' id='word_1_106' title='bbox 1119 1917 1173 1981; x_wconf 88' lang='lat' dir='ltr'>vel</span> <span class='ocrx_word' id='word_1_107' title='bbox 1198 1919 1239 1983; x_wconf 93' lang='lat' dir='ltr'>de</span> 
     </span>
     <span class='ocr_line' id='line_1_14' title="bbox 144 2007 1238 2103; baseline 0.001 -23"><span class='ocrx_word' id='word_1_108' title='bbox 144 2038 227 2103; x_wconf 89' lang='lat' dir='ltr'>pace</span> <span class='ocrx_word' id='word_1_109' title='bbox 242 2014 448 2101; x_wconf 87' lang='lat' dir='ltr'>reipublicae</span> <span class='ocrx_word' id='word_1_110' title='bbox 465 2014 736 2098; x_wconf 71' lang='lat' dir='ltr'>conservandal),</span> <span class='ocrx_word' id='word_1_111' title='bbox 761 2016 815 2080; x_wconf 84' lang='lat' dir='ltr'>vel</span> <span class='ocrx_word' id='word_1_112' title='bbox 829 2016 871 2080; x_wconf 91' lang='lat' dir='ltr'>de</span> <span class='ocrx_word' id='word_1_113' title='bbox 887 2007 1065 2080; x_wconf 80' lang='lat' dir='ltr'>schismate</span> <span class='ocrx_word' id='word_1_114' title='bbox 1080 2015 1122 2081; x_wconf 92' lang='lat' dir='ltr'>ab</span> <span class='ocrx_word' id='word_1_115' title='bbox 1137 2016 1238 2081; x_wconf 89' lang='lat' dir='ltr'>ecele-</span> 
     </span>
     <span class='ocr_line' id='line_1_15' title="bbox 143 2112 1238 2200; baseline 0 -20"><span class='ocrx_word' id='word_1_116' title='bbox 143 2116 193 2180; x_wconf 87' lang='lat' dir='ltr'>sia</span> <span class='ocrx_word' id='word_1_117' title='bbox 223 2113 448 2196; x_wconf 69' lang='lat' dir='ltr'>avertendol),</span> <span class='ocrx_word' id='word_1_118' title='bbox 487 2113 540 2178; x_wconf 90' lang='lat' dir='ltr'>vel</span> <span class='ocrx_word' id='word_1_119' title='bbox 574 2113 615 2178; x_wconf 93' lang='lat' dir='ltr'>de</span> <span class='ocrx_word' id='word_1_120' title='bbox 646 2112 752 2178; x_wconf 88' lang='lat' dir='ltr'>salute</span> <span class='ocrx_word' id='word_1_121' title='bbox 790 2115 972 2178; x_wconf 84' lang='lat' dir='ltr'>errantium</span> <span class='ocrx_word' id='word_1_122' title='bbox 1009 2115 1238 2200; x_wconf 79' lang='lat' dir='ltr'>procuranda3</span> 
     </span>
     <span class='ocr_line' id='line_1_16' title="bbox 143 2210 1239 2300; baseline 0 -23"><span class='ocrx_word' id='word_1_123' title='bbox 143 2235 242 2300; x_wconf 80' lang='lat' dir='ltr'>saepe</span> <span class='ocrx_word' id='word_1_124' title='bbox 267 2214 356 2278; x_wconf 90' lang='lat' dir='ltr'>enim</span> <span class='ocrx_word' id='word_1_125' title='bbox 379 2211 519 2296; x_wconf 89' lang='lat' dir='ltr'>,malitia</span> <span class='ocrx_word' id='word_1_126' title='bbox 542 2210 726 2292; x_wconf 89' lang='lat' dir='ltr'>hominum,</span> <span class='ocrx_word' id='word_1_127' title='bbox 758 2212 859 2277; x_wconf 90' lang='lat' dir='ltr'>etiam</span> <span class='ocrx_word' id='word_1_128' title='bbox 882 2221 972 2295; x_wconf 90' lang='lat' dir='ltr'>nota,</span> <span class='ocrx_word' id='word_1_129' title='bbox 997 2235 1056 2298; x_wconf 91' lang='lat' dir='ltr'>pro</span> <span class='ocrx_word' id='word_1_130' title='bbox 1080 2215 1239 2298; x_wconf 88' lang='lat' dir='ltr'>temporis</span> 
     </span>
     <span class='ocr_line' id='line_1_17' title="bbox 142 2309 1237 2398; baseline 0.003 -23"><span class='ocrx_word' id='word_1_131' title='bbox 142 2313 271 2377; x_wconf 89' lang='lat' dir='ltr'>ratione</span> <span class='ocrx_word' id='word_1_132' title='bbox 293 2309 465 2376; x_wconf 89' lang='lat' dir='ltr'>toleranda</span> <span class='ocrx_word' id='word_1_133' title='bbox 483 2309 707 2395; x_wconf 72' lang='lat' dir='ltr'>judicatur‘4),</span> <span class='ocrx_word' id='word_1_134' title='bbox 741 2333 793 2395; x_wconf 86' lang='lat' dir='ltr'>ue,</span> <span class='ocrx_word' id='word_1_135' title='bbox 817 2312 887 2396; x_wconf 91' lang='lat' dir='ltr'>,qui</span> <span class='ocrx_word' id='word_1_136' title='bbox 911 2333 1002 2375; x_wconf 90' lang='lat' dir='ltr'>nuno</span> <span class='ocrx_word' id='word_1_137' title='bbox 1026 2313 1146 2398; x_wconf 78' lang='lat' dir='ltr'>corrigi</span> <span class='ocrx_word' id='word_1_138' title='bbox 1171 2334 1237 2378; x_wconf 87' lang='lat' dir='ltr'>non</span> 
     </span>
     <span class='ocr_line' id='line_1_18' title="bbox 141 2400 1139 2497; baseline 0.001 -22"><span class='ocrx_word' id='word_1_139' title='bbox 141 2408 331 2497; x_wconf 57' lang='lat' dir='ltr'>possuutffl),</span> <span class='ocrx_word' id='word_1_140' title='bbox 357 2417 491 2494; x_wconf 89' lang='lat' dir='ltr'>propter</span> <span class='ocrx_word' id='word_1_141' title='bbox 512 2407 814 2491; x_wconf 80' lang='lat' dir='ltr'>,intolerantiam‘⁶)</span> <span class='ocrx_word' id='word_1_142' title='bbox 839 2400 980 2496; x_wconf 87' lang='lat' dir='ltr'>,pejores</span> <span class='ocrx_word' id='word_1_143' title='bbox 1003 2409 1139 2493; x_wconf 79' lang='lat' dir='ltr'>fiant‘⁷).</span> 
     </span>
    </p>

    <p class='ocr_par' dir='ltr' id='par_1_4' title="bbox 142 2506 1236 2694">
     <span class='ocr_line' id='line_1_19' title="bbox 231 2506 1236 2594; baseline 0.001 -21"><span class='ocrx_word' id='word_1_144' title='bbox 231 2507 296 2573; x_wconf 87' lang='lat' dir='ltr'>Sed</span> <span class='ocrx_word' id='word_1_145' title='bbox 320 2506 528 2572; x_wconf 89' lang='lat' dir='ltr'>evidentiora</span> <span class='ocrx_word' id='word_1_146' title='bbox 553 2506 636 2572; x_wconf 86' lang='lat' dir='ltr'>haee</span> <span class='ocrx_word' id='word_1_147' title='bbox 660 2517 747 2590; x_wconf 87' lang='lat' dir='ltr'>suut,</span> <span class='ocrx_word' id='word_1_148' title='bbox 772 2530 873 2594; x_wconf 92' lang='lat' dir='ltr'>quam</span> <span class='ocrx_word' id='word_1_149' title='bbox 898 2517 935 2573; x_wconf 92' lang='lat' dir='ltr'>ut</span> <span class='ocrx_word' id='word_1_150' title='bbox 957 2508 1031 2574; x_wconf 87' lang='lat' dir='ltr'>aliis</span> <span class='ocrx_word' id='word_1_151' title='bbox 1048 2509 1236 2575; x_wconf 88' lang='lat' dir='ltr'>canonibus</span> 
     </span>
     <span class='ocr_line' id='line_1_20' title="bbox 142 2605 881 2694; baseline -0.003 -22"><span class='ocrx_word' id='word_1_152' title='bbox 142 2607 291 2694; x_wconf 90' lang='lat' dir='ltr'>ejusdem</span> <span class='ocrx_word' id='word_1_153' title='bbox 315 2608 418 2694; x_wconf 92' lang='lat' dir='ltr'>partis</span> <span class='ocrx_word' id='word_1_154' title='bbox 442 2605 568 2676; x_wconf 86' lang='lat' dir='ltr'>codicis</span> <span class='ocrx_word' id='word_1_155' title='bbox 592 2608 696 2671; x_wconf 86' lang='lat' dir='ltr'>nostri</span> <span class='ocrx_word' id='word_1_156' title='bbox 721 2629 804 2693; x_wconf 91' lang='lat' dir='ltr'>opus</span> <span class='ocrx_word' id='word_1_157' title='bbox 829 2607 881 2672; x_wconf 88' lang='lat' dir='ltr'>sit.</span> 
     </span>
    </p>
   </div>
   <div class='ocr_carea' id='block_1_4' title="bbox 138 2786 1236 3658">
    <p class='ocr_par' dir='ltr' id='par_1_5' title="bbox 140 2786 1236 3264">
     <span class='ocr_line' id='line_1_21' title="bbox 231 2786 1236 2873; baseline 0.002 -22"><span class='ocrx_word' id='word_1_158' title='bbox 231 2795 284 2852; x_wconf 81' lang='lat'>24.</span> <span class='ocrx_word' id='word_1_159' title='bbox 309 2787 372 2852; x_wconf 92' lang='lat' dir='ltr'>His</span> <span class='ocrx_word' id='word_1_160' title='bbox 393 2795 503 2851; x_wconf 88' lang='lat' dir='ltr'>autem</span> <span class='ocrx_word' id='word_1_161' title='bbox 527 2794 616 2850; x_wconf 87' lang='lat' dir='ltr'>certa</span> <span class='ocrx_word' id='word_1_162' title='bbox 636 2787 848 2851; x_wconf 88' lang='lat' dir='ltr'>continentur</span> <span class='ocrx_word' id='word_1_163' title='bbox 874 2786 1039 2873; x_wconf 84' lang='lat' dir='ltr'>principia</span> <span class='ocrx_word' id='word_1_164' title='bbox 1064 2789 1236 2872; x_wconf 83' lang='lat' dir='ltr'>canonica,</span> 
     </span>
     <span class='ocr_line' id='line_1_22' title="bbox 142 2883 1232 2972; baseline 0.002 -23"><span class='ocrx_word' id='word_1_165' title='bbox 142 2885 265 2972; x_wconf 92' lang='lat' dir='ltr'>quibus</span> <span class='ocrx_word' id='word_1_166' title='bbox 290 2887 362 2950; x_wconf 90' lang='lat' dir='ltr'>nixi</span> <span class='ocrx_word' id='word_1_167' title='bbox 386 2885 566 2970; x_wconf 85' lang='lat' dir='ltr'>praecipua</span> <span class='ocrx_word' id='word_1_168' title='bbox 598 2883 769 2948; x_wconf 88' lang='lat' dir='ltr'>doctrinae</span> <span class='ocrx_word' id='word_1_169' title='bbox 800 2886 911 2969; x_wconf 88' lang='lat' dir='ltr'>capita</span> <span class='ocrx_word' id='word_1_170' title='bbox 942 2886 1031 2948; x_wconf 90' lang='lat' dir='ltr'>circa</span> <span class='ocrx_word' id='word_1_171' title='bbox 1062 2884 1232 2950; x_wconf 88' lang='lat' dir='ltr'>decretum</span> 
     </span>
     <span class='ocr_line' id='line_1_23' title="bbox 140 2979 1235 3070; baseline 0.002 -22"><span class='ocrx_word' id='word_1_172' title='bbox 140 2983 346 3066; x_wconf 82' lang='lat' dir='ltr'>tolerantiae,</span> <span class='ocrx_word' id='word_1_173' title='bbox 378 2982 474 3068; x_wconf 87' lang='lat' dir='ltr'>brevi</span> <span class='ocrx_word' id='word_1_174' title='bbox 506 2981 651 3068; x_wconf 87' lang='lat' dir='ltr'>quadarn</span> <span class='ocrx_word' id='word_1_175' title='bbox 683 2979 930 3046; x_wconf 85' lang='lat' dir='ltr'>corollariorum</span> <span class='ocrx_word' id='word_1_176' title='bbox 962 2983 1057 3066; x_wconf 87' lang='lat' dir='ltr'>serie,</span> <span class='ocrx_word' id='word_1_177' title='bbox 1088 2984 1235 3070; x_wconf 85' lang='lat' dir='ltr'>quadan·</span> 
     </span>
     <span class='ocr_line' id='line_1_24' title="bbox 140 3078 1233 3170; baseline 0 -24"><span class='ocrx_word' id='word_1_178' title='bbox 140 3091 237 3146; x_wconf 91' lang='lat' dir='ltr'>tenus</span> <span class='ocrx_word' id='word_1_179' title='bbox 253 3082 421 3168; x_wconf 87' lang='lat' dir='ltr'>explicare</span> <span class='ocrx_word' id='word_1_180' title='bbox 433 3101 617 3166; x_wconf 87' lang='lat' dir='ltr'>possumus,</span> <span class='ocrx_word' id='word_1_181' title='bbox 640 3078 783 3144; x_wconf 87' lang='lat' dir='ltr'>scilicet:</span> <span class='ocrx_word' id='word_1_182' title='bbox 809 3078 1048 3170; x_wconf 83' lang='lat' dir='ltr'>definitionem,</span> <span class='ocrx_word' id='word_1_183' title='bbox 1069 3091 1233 3168; x_wconf 83' lang='lat' dir='ltr'>naturam,</span> 
     </span>
     <span class='ocr_line' id='line_1_25' title="bbox 140 3179 619 3264; baseline 0.002 -21"><span class='ocrx_word' id='word_1_184' title='bbox 140 3179 294 3244; x_wconf 84' lang='lat' dir='ltr'>effectum</span> <span class='ocrx_word' id='word_1_185' title='bbox 319 3189 352 3243; x_wconf 89' lang='lat' dir='ltr'>et</span> <span class='ocrx_word' id='word_1_186' title='bbox 374 3180 619 3264; x_wconf 87' lang='lat' dir='ltr'>synonymiam.</span> 
     </span>
    </p>

    <p class='ocr_par' dir='ltr' id='par_1_6' title="bbox 138 3275 1235 3658">
     <span class='ocr_line' id='line_1_26' title="bbox 233 3275 1235 3366; baseline 0.003 -24"><span class='ocrx_word' id='word_1_187' title='bbox 233 3275 388 3342; x_wconf 82' lang='lat' dir='ltr'>Corollar.</span> <span class='ocrx_word' id='word_1_188' title='bbox 414 3279 446 3343; x_wconf 82' lang='lat'>1.</span> <span class='ocrx_word' id='word_1_189' title='bbox 481 3277 663 3342; x_wconf 83' lang='lat' dir='ltr'>Decretum</span> <span class='ocrx_word' id='word_1_190' title='bbox 702 3275 897 3342; x_wconf 82' lang='lat' dir='ltr'>tolerantiae</span> <span class='ocrx_word' id='word_1_191' title='bbox 932 3300 975 3342; x_wconf 84' lang='lat' dir='ltr'>ex</span> <span class='ocrx_word' id='word_1_192' title='bbox 1009 3288 1120 3344; x_wconf 89' lang='lat' dir='ltr'>mente</span> <span class='ocrx_word' id='word_1_193' title='bbox 1147 3280 1235 3366; x_wconf 91' lang='lat' dir='ltr'>juris</span> 
     </span>
     <span class='ocr_line' id='line_1_27' title="bbox 139 3375 1233 3464; baseline 0.005 -25"><span class='ocrx_word' id='word_1_194' title='bbox 139 3377 293 3442; x_wconf 86' lang='lat' dir='ltr'>canonici</span> <span class='ocrx_word' id='word_1_195' title='bbox 317 3375 449 3440; x_wconf 91' lang='lat' dir='ltr'>definiri</span> <span class='ocrx_word' id='word_1_196' title='bbox 474 3384 591 3461; x_wconf 87' lang='lat' dir='ltr'>potest,</span> <span class='ocrx_word' id='word_1_197' title='bbox 617 3375 707 3462; x_wconf 92' lang='lat' dir='ltr'>quod</span> <span class='ocrx_word' id='word_1_198' title='bbox 731 3377 774 3440; x_wconf 88' lang='lat' dir='ltr'>sit</span> <span class='ocrx_word' id='word_1_199' title='bbox 799 3377 1027 3462; x_wconf 88' lang='lat' dir='ltr'>comparativa</span> <span class='ocrx_word' id='word_1_200' title='bbox 1049 3381 1233 3464; x_wconf 91' lang='lat' dir='ltr'>permissio,</span> 
     </span>
     <span class='ocr_line' id='line_1_28' title="bbox 138 3471 1234 3566; baseline 0.005 -28"><span class='ocrx_word' id='word_1_201' title='bbox 138 3475 174 3539; x_wconf 90' lang='lat' dir='ltr'>in</span> <span class='ocrx_word' id='word_1_202' title='bbox 198 3483 286 3540; x_wconf 85' lang='lat' dir='ltr'>certo</span> <span class='ocrx_word' id='word_1_203' title='bbox 311 3483 343 3539; x_wconf 88' lang='lat' dir='ltr'>et</span> <span class='ocrx_word' id='word_1_204' title='bbox 365 3471 527 3561; x_wconf 87' lang='lat' dir='ltr'>peculiari</span> <span class='ocrx_word' id='word_1_205' title='bbox 552 3496 632 3538; x_wconf 85' lang='lat' dir='ltr'>casu</span> <span class='ocrx_word' id='word_1_206' title='bbox 655 3472 763 3558; x_wconf 82' lang='lat' dir='ltr'>legem</span> <span class='ocrx_word' id='word_1_207' title='bbox 787 3473 932 3561; x_wconf 89' lang='lat' dir='ltr'>aliquam</span> <span class='ocrx_word' id='word_1_208' title='bbox 965 3476 1048 3541; x_wconf 79' lang='lat' dir='ltr'>citra</span> <span class='ocrx_word' id='word_1_209' title='bbox 1071 3477 1234 3566; x_wconf 75' lang='lat' dir='ltr'>dispensa·</span> 
     </span>
     <span class='ocr_line' id='line_1_29' title="bbox 140 3571 776 3658; baseline 0.005 -22"><span class='ocrx_word' id='word_1_210' title='bbox 140 3571 285 3658; x_wconf 62' lang='lat' dir='ltr'>ticaeffl)</span> <span class='ocrx_word' id='word_1_211' title='bbox 310 3573 447 3658; x_wconf 90' lang='lat' dir='ltr'>impune</span> <span class='ocrx_word' id='word_1_212' title='bbox 470 3593 538 3637; x_wconf 92' lang='lat' dir='ltr'>non</span> <span class='ocrx_word' id='word_1_213' title='bbox 564 3571 776 3640; x_wconf 87' lang='lat' dir='ltr'>observandi.</span> 
     </span>
    </p>
   </div>
   <div class='ocr_carea' id='block_1_5' title="bbox 135 3785 1232 4580">
    <p class='ocr_par' dir='ltr' id='par_1_7' title="bbox 135 3785 1232 4580">
     <span class='ocr_line' id='line_1_30' title="bbox 230 3785 1232 3859; baseline 0.007 -19"><span class='ocrx_word' id='word_1_214' title='bbox 230 3786 252 3858; x_wconf 84' lang='lat'>¹)</span> <span class='ocrx_word' id='word_1_215' title='bbox 270 3785 416 3856; x_wconf 84' lang='lat' dir='ltr'>,Quaedam</span> <span class='ocrx_word' id='word_1_216' title='bbox 429 3785 530 3841; x_wconf 90' lang='lat' dir='ltr'>delicta</span> <span class='ocrx_word' id='word_1_217' title='bbox 542 3789 679 3852; x_wconf 84' lang='lat' dir='ltr'>utcunque</span> <span class='ocrx_word' id='word_1_218' title='bbox 691 3785 834 3841; x_wconf 89' lang='lat' dir='ltr'>toleranda</span> <span class='ocrx_word' id='word_1_219' title='bbox 844 3792 925 3845; x_wconf 87' lang='lat' dir='ltr'>sunt‘.</span> <span class='ocrx_word' id='word_1_220' title='bbox 939 3788 985 3842; x_wconf 89' lang='lat' dir='ltr'>Ita</span> <span class='ocrx_word' id='word_1_221' title='bbox 998 3788 1026 3847; x_wconf 85' lang='lat'>0.</span> <span class='ocrx_word' id='word_1_222' title='bbox 1042 3788 1169 3859; x_wconf 76' lang='lat' dir='ltr'>Exiguut</span> <span class='ocrx_word' id='word_1_223' title='bbox 1190 3790 1232 3849; x_wconf 90' lang='lat'>18.</span> 
     </span>
     <span class='ocr_line' id='line_1_31' title="bbox 137 3865 1229 3941; baseline 0.009 -21"><span class='ocrx_word' id='word_1_224' title='bbox 137 3865 165 3920; x_wconf 83' lang='grc' dir='ltr'>Ο.</span> <span class='ocrx_word' id='word_1_225' title='bbox 186 3868 209 3923; x_wconf 93' lang='lat'>1.</span> <span class='ocrx_word' id='word_1_226' title='bbox 229 3882 254 3934; x_wconf 86' lang='lat' dir='ltr'>q.</span> <span class='ocrx_word' id='word_1_227' title='bbox 274 3867 298 3922; x_wconf 81' lang='lat'>7.</span> <span class='ocrx_word' id='word_1_228' title='bbox 391 3865 415 3938; x_wconf 75' lang='lat'>²)</span> <span class='ocrx_word' id='word_1_229' title='bbox 434 3866 462 3923; x_wconf 83' lang='grc' dir='ltr'>Ο,</span> <span class='ocrx_word' id='word_1_230' title='bbox 482 3866 625 3921; x_wconf 82' lang='lat' dir='ltr'>Toleraudi</span> <span class='ocrx_word' id='word_1_231' title='bbox 647 3870 660 3921; x_wconf 89' lang='lat' dir='ltr'>l</span> <span class='ocrx_word' id='word_1_232' title='bbox 680 3867 708 3924; x_wconf 75' lang='lat' dir='ltr'>(l.</span> <span class='ocrx_word' id='word_1_233' title='bbox 728 3869 771 3922; x_wconf 83' lang='lat'>23.</span> <span class='ocrx_word' id='word_1_234' title='bbox 790 3883 815 3935; x_wconf 86' lang='lat' dir='ltr'>q.</span> <span class='ocrx_word' id='word_1_235' title='bbox 834 3869 860 3929; x_wconf 81' lang='lat'>4,</span> <span class='ocrx_word' id='word_1_236' title='bbox 944 3869 968 3941; x_wconf 80' lang='lat'>³)</span> <span class='ocrx_word' id='word_1_237' title='bbox 987 3869 1016 3927; x_wconf 82' lang='lat'>0.</span> <span class='ocrx_word' id='word_1_238' title='bbox 1036 3870 1106 3938; x_wconf 85' lang='lat' dir='ltr'>Quid</span> <span class='ocrx_word' id='word_1_239' title='bbox 1124 3886 1190 3940; x_wconf 85' lang='lat' dir='ltr'>ergo</span> <span class='ocrx_word' id='word_1_240' title='bbox 1204 3873 1229 3931; x_wconf 88' lang='grc'>3.</span> 
     </span>
     <span class='ocr_line' id='line_1_32' title="bbox 137 3945 1232 4020; baseline 0.006 -20"><span class='ocrx_word' id='word_1_241' title='bbox 137 3945 165 4004; x_wconf 82' lang='lat'>0.</span> <span class='ocrx_word' id='word_1_242' title='bbox 180 3947 222 4004; x_wconf 79' lang='grc'>23.</span> <span class='ocrx_word' id='word_1_243' title='bbox 242 3962 266 4013; x_wconf 82' lang='lat' dir='ltr'>q.</span> <span class='ocrx_word' id='word_1_244' title='bbox 285 3949 312 4002; x_wconf 90' lang='lat'>4.</span> <span class='ocrx_word' id='word_1_245' title='bbox 385 3947 409 4018; x_wconf 84' lang='lat'>⁴)</span> <span class='ocrx_word' id='word_1_246' title='bbox 429 3948 457 4002; x_wconf 79' lang='lat' dir='ltr'>O.</span> <span class='ocrx_word' id='word_1_247' title='bbox 476 3945 606 4003; x_wconf 84' lang='lat' dir='ltr'>Pudenda</span> <span class='ocrx_word' id='word_1_248' title='bbox 624 3948 667 4004; x_wconf 78' lang='lat'>33.</span> <span class='ocrx_word' id='word_1_249' title='bbox 687 3947 716 4006; x_wconf 85' lang='lat' dir='ltr'>O.</span> <span class='ocrx_word' id='word_1_250' title='bbox 735 3949 779 4006; x_wconf 82' lang='lat'>24.</span> <span class='ocrx_word' id='word_1_251' title='bbox 798 3965 824 4017; x_wconf 86' lang='lat' dir='ltr'>q.</span> <span class='ocrx_word' id='word_1_252' title='bbox 845 3952 868 4007; x_wconf 89' lang='lat'>1.</span> <span class='ocrx_word' id='word_1_253' title='bbox 943 3949 964 4020; x_wconf 81' lang='lat'>⁶)</span> <span class='ocrx_word' id='word_1_254' title='bbox 984 3949 1012 4007; x_wconf 83' lang='grc' dir='ltr'>Ο.</span> <span class='ocrx_word' id='word_1_255' title='bbox 1033 3950 1191 4019; x_wconf 81' lang='lat' dir='ltr'>Quicunque</span> <span class='ocrx_word' id='word_1_256' title='bbox 1206 3955 1232 4014; x_wconf 91' lang='lat'>1.</span> 
     </span>
     <span class='ocr_line' id='line_1_33' title="bbox 137 4025 1232 4101; baseline 0.006 -21"><span class='ocrx_word' id='word_1_257' title='bbox 137 4025 166 4083; x_wconf 81' lang='lat' dir='ltr'>C.</span> <span class='ocrx_word' id='word_1_258' title='bbox 180 4026 222 4082; x_wconf 80' lang='lat'>23.</span> <span class='ocrx_word' id='word_1_259' title='bbox 242 4041 267 4093; x_wconf 85' lang='lat' dir='ltr'>q.</span> <span class='ocrx_word' id='word_1_260' title='bbox 287 4027 313 4082; x_wconf 91' lang='grc'>8.</span> <span class='ocrx_word' id='word_1_261' title='bbox 362 4028 384 4099; x_wconf 81' lang='lat'>⁶)</span> <span class='ocrx_word' id='word_1_262' title='bbox 403 4028 459 4084; x_wconf 78' lang='lat' dir='ltr'>Gir.</span> <span class='ocrx_word' id='word_1_263' title='bbox 479 4027 507 4084; x_wconf 84' lang='lat'>0.</span> <span class='ocrx_word' id='word_1_264' title='bbox 526 4027 601 4084; x_wconf 84' lang='lat' dir='ltr'>Haeo</span> <span class='ocrx_word' id='word_1_265' title='bbox 619 4034 710 4083; x_wconf 89' lang='lat' dir='ltr'>autem</span> <span class='ocrx_word' id='word_1_266' title='bbox 731 4030 764 4082; x_wconf 78' lang='lat'>15</span> <span class='ocrx_word' id='word_1_267' title='bbox 782 4044 808 4097; x_wconf 86' lang='lat' dir='ltr'>q.</span> <span class='ocrx_word' id='word_1_268' title='bbox 820 4031 846 4084; x_wconf 88' lang='lat'>4.</span> <span class='ocrx_word' id='word_1_269' title='bbox 903 4030 923 4101; x_wconf 81' lang='lat'>⁷)</span> <span class='ocrx_word' id='word_1_270' title='bbox 937 4030 966 4086; x_wconf 83' lang='lat'>0.</span> <span class='ocrx_word' id='word_1_271' title='bbox 974 4031 1097 4098; x_wconf 80' lang='lat' dir='ltr'>Denique</span> <span class='ocrx_word' id='word_1_272' title='bbox 1112 4032 1157 4091; x_wconf 83' lang='lat' dir='ltr'>oit.</span> <span class='ocrx_word' id='word_1_273' title='bbox 1172 4032 1232 4088; x_wconf 80' lang='lat' dir='ltr'>heio</span> 
     </span>
     <span class='ocr_line' id='line_1_34' title="bbox 135 4106 1230 4181; baseline 0.006 -21"><span class='ocrx_word' id='word_1_274' title='bbox 135 4122 161 4163; x_wconf 91' lang='lat' dir='ltr'>u.</span> <span class='ocrx_word' id='word_1_275' title='bbox 182 4107 224 4160; x_wconf 72' lang='lat' dir='ltr'>iia</span> <span class='ocrx_word' id='word_1_276' title='bbox 243 4106 329 4162; x_wconf 80' lang='lat' dir='ltr'>Totus</span> <span class='ocrx_word' id='word_1_277' title='bbox 357 4123 442 4164; x_wconf 86' lang='lat' dir='ltr'>canon</span> <span class='ocrx_word' id='word_1_278' title='bbox 469 4108 522 4163; x_wconf 86' lang='lat' dir='ltr'>hue</span> <span class='ocrx_word' id='word_1_279' title='bbox 548 4108 675 4177; x_wconf 82' lang='lat' dir='ltr'>pertinet¹</span> <span class='ocrx_word' id='word_1_280' title='bbox 768 4110 789 4178; x_wconf 75' lang='grc'>8)</span> <span class='ocrx_word' id='word_1_281' title='bbox 809 4109 923 4164; x_wconf 83' lang='lat' dir='ltr'>Poterat</span> <span class='ocrx_word' id='word_1_282' title='bbox 950 4110 1058 4178; x_wconf 86' lang='lat' dir='ltr'>quidem</span> <span class='ocrx_word' id='word_1_283' title='bbox 1076 4114 1230 4181; x_wconf 81' lang='lat' dir='ltr'>generatim</span> 
     </span>
     <span class='ocr_line' id='line_1_35' title="bbox 135 4186 1231 4259; baseline 0.007 -19"><span class='ocrx_word' id='word_1_284' title='bbox 135 4186 190 4240; x_wconf 87' lang='lat' dir='ltr'>dici</span> <span class='ocrx_word' id='word_1_285' title='bbox 213 4187 292 4252; x_wconf 88' lang='lat' dir='ltr'>‚citra</span> <span class='ocrx_word' id='word_1_286' title='bbox 319 4203 424 4244; x_wconf 88' lang='lat' dir='ltr'>omnem</span> <span class='ocrx_word' id='word_1_287' title='bbox 454 4190 525 4259; x_wconf 81' lang='lat' dir='ltr'>legia</span> <span class='ocrx_word' id='word_1_288' title='bbox 543 4189 763 4258; x_wconf 82' lang='lat' dir='ltr'>relaxationem‘;</span> <span class='ocrx_word' id='word_1_289' title='bbox 794 4191 937 4245; x_wconf 76' lang='lat' dir='ltr'>maluimus</span> <span class='ocrx_word' id='word_1_290' title='bbox 960 4197 1053 4246; x_wconf 87' lang='lat' dir='ltr'>tamen</span> <span class='ocrx_word' id='word_1_291' title='bbox 1078 4192 1160 4248; x_wconf 88' lang='lat' dir='ltr'>solius</span> <span class='ocrx_word' id='word_1_292' title='bbox 1191 4193 1231 4248; x_wconf 90' lang='lat' dir='ltr'>di·</span> 
     </span>
     <span class='ocr_line' id='line_1_36' title="bbox 135 4267 1230 4334; baseline 0.007 -13"><span class='ocrx_word' id='word_1_293' title='bbox 135 4267 316 4334; x_wconf 77' lang='lat' dir='ltr'>sponsationis</span> <span class='ocrx_word' id='word_1_294' title='bbox 349 4270 513 4325; x_wconf 88' lang='lat' dir='ltr'>mentionem</span> <span class='ocrx_word' id='word_1_295' title='bbox 538 4270 640 4326; x_wconf 82' lang='lat' dir='ltr'>laoere:</span> <span class='ocrx_word' id='word_1_296' title='bbox 667 4270 783 4325; x_wconf 79' lang='lat' dir='ltr'>caeteris</span> <span class='ocrx_word' id='word_1_297' title='bbox 807 4271 984 4326; x_wconf 83' lang='lat' dir='ltr'>relaxationis</span> <span class='ocrx_word' id='word_1_298' title='bbox 1009 4273 1093 4328; x_wconf 86' lang='lat' dir='ltr'>modis</span> <span class='ocrx_word' id='word_1_299' title='bbox 1126 4275 1161 4329; x_wconf 86' lang='lat' dir='ltr'>ad</span> <span class='ocrx_word' id='word_1_300' title='bbox 1189 4275 1230 4329; x_wconf 89' lang='lat' dir='ltr'>in·</span> 
     </span>
     <span class='ocr_line' id='line_1_37' title="bbox 135 4347 1231 4421; baseline 0.008 -20"><span class='ocrx_word' id='word_1_301' title='bbox 135 4347 261 4404; x_wconf 83' lang='lat' dir='ltr'>seriorem</span> <span class='ocrx_word' id='word_1_302' title='bbox 280 4349 367 4403; x_wconf 87' lang='lat' dir='ltr'>locum</span> <span class='ocrx_word' id='word_1_303' title='bbox 385 4353 422 4418; x_wconf 82' lang='lat' dir='ltr'>(u.</span> <span class='ocrx_word' id='word_1_304' title='bbox 442 4351 487 4421; x_wconf 81' lang='lat'>51)</span> <span class='ocrx_word' id='word_1_305' title='bbox 515 4350 640 4420; x_wconf 76' lang='lat' dir='ltr'>rejectis,</span> <span class='ocrx_word' id='word_1_306' title='bbox 664 4349 729 4417; x_wconf 85' lang='lat' dir='ltr'>quia</span> <span class='ocrx_word' id='word_1_307' title='bbox 747 4350 776 4404; x_wconf 92' lang='lat' dir='ltr'>in</span> <span class='ocrx_word' id='word_1_308' title='bbox 792 4351 899 4420; x_wconf 87' lang='lat' dir='ltr'>juribus</span> <span class='ocrx_word' id='word_1_309' title='bbox 918 4368 935 4405; x_wconf 89' lang='lat' dir='ltr'>a</span> <span class='ocrx_word' id='word_1_310' title='bbox 953 4351 1029 4406; x_wconf 85' lang='lat' dir='ltr'>nohis</span> <span class='ocrx_word' id='word_1_311' title='bbox 1054 4353 1178 4410; x_wconf 85' lang='lat' dir='ltr'>adductis</span> <span class='ocrx_word' id='word_1_312' title='bbox 1197 4370 1231 4410; x_wconf 83' lang='lat' dir='ltr'>ex</span> 
     </span>
     <span class='ocr_line' id='line_1_38' title="bbox 135 4428 1231 4501; baseline 0.006 -18"><span class='ocrx_word' id='word_1_313' title='bbox 135 4428 219 4486; x_wconf 84' lang='lat' dir='ltr'>variis</span> <span class='ocrx_word' id='word_1_314' title='bbox 229 4428 406 4485; x_wconf 84' lang='lat' dir='ltr'>relaxationis</span> <span class='ocrx_word' id='word_1_315' title='bbox 426 4430 564 4499; x_wconf 78' lang='lat' dir='ltr'>speciebus</span> <span class='ocrx_word' id='word_1_316' title='bbox 589 4431 728 4499; x_wconf 86' lang='lat' dir='ltr'>permissio</span> <span class='ocrx_word' id='word_1_317' title='bbox 748 4431 974 4501; x_wconf 68' lang='lat' dir='ltr'>,dispensationis</span> <span class='ocrx_word' id='word_1_318' title='bbox 994 4438 1103 4489; x_wconf 86' lang='lat' dir='ltr'>tantum</span> <span class='ocrx_word' id='word_1_319' title='bbox 1116 4434 1231 4490; x_wconf 84' lang='lat' dir='ltr'>effertur</span> 
     </span>
     <span class='ocr_line' id='line_1_39' title="bbox 135 4509 1136 4580; baseline 0.007 -18"><span class='ocrx_word' id='word_1_320' title='bbox 135 4515 264 4576; x_wconf 86' lang='lat' dir='ltr'>tanquam</span> <span class='ocrx_word' id='word_1_321' title='bbox 282 4509 390 4564; x_wconf 89' lang='lat' dir='ltr'>decreto</span> <span class='ocrx_word' id='word_1_322' title='bbox 408 4510 572 4565; x_wconf 84' lang='lat' dir='ltr'>tolerantiae</span> <span class='ocrx_word' id='word_1_323' title='bbox 591 4511 723 4580; x_wconf 88' lang='lat' dir='ltr'>opposita.</span> <span class='ocrx_word' id='word_1_324' title='bbox 1133 4513 1136 4520; x_wconf 88' lang='grc'><strong><em>’</em></strong></span> 
     </span>
    </p>
   </div>
   <div class='ocr_carea' id='block_1_6' title="bbox 655 4619 714 4691">
    <p class='ocr_par' dir='ltr' id='par_1_8' title="bbox 655 4619 714 4691">
     <span class='ocr_line' id='line_1_40' title="bbox 655 4619 714 4691; baseline 0.017 -1"><span class='ocrx_word' id='word_1_325' title='bbox 655 4619 714 4691; x_wconf 74' lang='lat'>(1⁵)</span> 
     </span>
    </p>
   </div>
   <div class='ocr_carea' id='block_1_7' title="bbox 0 0 1614 5446">
    <p class='ocr_par' dir='ltr' id='par_1_9' title="bbox 0 0 1614 5446">
     <span class='ocr_line' id='line_1_41' title="bbox 0 0 1614 5446; baseline 0 5"><span class='ocrx_word' id='word_1_326' title='bbox 0 0 1614 5446; x_wconf 95' lang='lat' dir='ltr'> </span> 
     </span>
    </p>
   </div>
  </div>
 </body>
</html>
