3218 5446
348 552 470 622 exemplo
487 553 640 610 emericum
658 553 811 620 illustratis,
834 570 880 610 nn.
904 552 1020 609 60-62.

738 667 775 674 ...-

134 733 305 818 igendum.
320 736 462 798 Materia
476 736 599 821 quippe
611 734 654 799 ad
673 734 918 818 ,alienationem
932 756 1042 798 rerum
1059 733 1231 798 ecclesiae‘

135 833 290 918 pertinet,
308 854 393 918 quae
403 833 514 898 multis
526 833 631 898 titulis
636 834 723 919 juris
733 834 886 897 canonici
910 854 1024 898 severe
1049 841 1098 897 est
1114 835 1228 900 vetita.

227 992 325 1074 Quod
360 1003 398 1057 ut
428 996 491 1058 ritc
514 993 727 1078 intelligatur,
762 995 825 1058 tria
858 991 942 1058 haec
975 1004 1053 1058 sunt
1085 1016 1128 1058 ex
1153 994 1231 1080 jure

135 1113 230 1156 sacro
254 1091 477 1159 attendenda:

226 1213 255 1258 a.
279 1191 371 1256 Inter
395 1201 542 1266 caeteras
571 1213 633 1272 ,res
657 1190 919 1267 ecclesiasticas‘‚
944 1211 1030 1276 quae
1055 1190 1230 1256 interdicto

136 1288 190 1370 ,de
214 1311 281 1354 non
310 1287 500 1354 alienando‘
531 1288 714 1374 subjacent,
745 1311 812 1353 non
845 1287 960 1353 ultimo
992 1288 1064 1352 loco
1089 1291 1230 1354 veniunt

135 1387 269 1452 scholae
292 1386 508 1474 parochiales,
541 1389 720 1452 seminaria
749 1411 789 1452 ac
818 1387 940 1452 similia
965 1386 1037 1451 loca
1067 1389 1123 1474 pia
1152 1388 1230 1453 edu·

136 1487 266 1552 candae
285 1487 457 1571 juventuti
482 1484 627 1552 addicta.

225 1585 257 1651 b.
283 1584 511 1670 Quaecunque
535 1586 631 1648 cario
648 1585 737 1674 juria
760 1586 796 1648 in
821 1584 984 1669 ejusmodi
1008 1605 1060 1649 res
1076 1584 1230 1650 ecclesia-

135 1684 246 1764 sticas,
281 1691 314 1746 et
340 1692 438 1769 pacta
463 1684 612 1768 quaevis,
643 1682 788 1747 libertati
825 1681 985 1746 ecclesiae
1016 1683 1050 1747 in
1078 1685 1229 1749 instituto

134 1784 190 1867 pio
215 1781 478 1846 administrando
510 1780 637 1867 aliquid
668 1781 860 1846 detrimenti
885 1781 1071 1864 inferentia,
1089 1781 1150 1846 sub
1176 1804 1231 1846 no·

135 1882 226 1945 mine
249 1880 482 1964 ,alienationis‘
508 1878 845 1965 comprehenduntur.

225 2002 252 2044 c.
282 1977 400 2045 Omnis
433 1979 606 2064 permissio
640 1979 728 2042 circa
759 1977 859 2042 talem
892 1976 1128 2042 alienationem
1159 1980 1230 2043 sive

134 2078 324 2143 faciendam
364 2078 436 2141 sive
474 2076 672 2141 servandam
709 2075 838 2161 legibus
869 2074 993 2152 odiosis
1023 2087 1227 2158 accensetur,

135 2198 238 2263 quum
263 2174 478 2240 interdictum
512 2175 564 2256 ,de
589 2175 688 2239 rebus
722 2173 883 2238 ecclesiae
918 2196 986 2239 non
1019 2173 1229 2260 alienandis‘,

135 2284 249 2361 utpote
273 2275 307 2339 in
332 2275 487 2358 favorem
514 2296 634 2338 caueae
667 2275 741 2359 piae
773 2272 887 2355 latum,
919 2272 1050 2356 legibus
1082 2277 1230 2339 maxime

136 2372 379 2438 favorabilibus
408 2371 662 2456 accenseaturl).

225 2535 276 2602 62.
303 2535 364 2599 Est
387 2556 463 2619 ergo
484 2555 679 2620 responsum
701 2555 887 2615 romanum,
914 2533 1003 2618 quod
1027 2532 1071 2597 ad
1093 2532 1229 2615 ,aliena-

135 2635 259 2699 tionem
284 2655 393 2697 rcrum
424 2632 737 2698 ecclesia-sticarum‘
760 2631 910 2717 refertur,
940 2654 982 2696 ex
1006 2634 1142 2696 matario
1168 2655 1229 2696 sua

135 2733 298 2815 odiosum,
332 2733 463 2796 etiamsi
496 2733 612 2797 datum
635 2730 753 2794 fuisset
784 2753 844 2816 per
882 2740 993 2794 actum
1034 2731 1227 2816 positivum,

136 2833 192 2918 qui
217 2831 344 2917 aliquid
368 2830 494 2894 favoris
519 2830 689 2894 continere
713 2831 884 2914 potuisset.

224 2928 291 2993 Sed
316 2931 435 2993 crescit
458 2929 572 2993 odium
596 2951 638 2991 ex
653 2927 776 3014 forma,
801 2949 867 3012 qua
891 2927 1012 2992 Sacrae
1038 2925 1227 3012 Congrega·

137 3030 218 3094 tioni
242 3027 442 3114 respondere
466 3027 605 3113 placuit;
636 3024 777 3089 dubium
802 3027 891 3089 enim
923 3026 1130 3111 propositum
1161 3048 1228 3090 non

136 3135 328 3213 peractum
353 3127 545 3212 positivum,
571 3123 629 3188 sed
647 3143 724 3188 vero
750 3146 808 3210 per
825 3125 1030 3209 negativum,
1055 3134 1229 3188 sonantem

137 3228 171 3290 in
196 3224 276 3311 pati,
302 3223 524 3304 solviucdito
549 3223 676 3288 scilicet
699 3222 894 3287 tolerantiae
912 3222 1054 3304 decreto,
1080 3223 1170 3308 quod
1185 3245 1227 3288 ex

137 3334 255 3388 natura
278 3345 338 3387 sua
362 3345 492 3409 semper
515 3323 667 3387 odiosum
693 3331 750 3404 est,
784 3343 887 3407 quum
920 3323 1106 3386 necessario
1138 3323 1227 3386 circa

136 3444 205 3485 rem
238 3431 398 3502 versetur,
422 3444 508 3508 quae
532 3445 552 3486 a
571 3423 648 3508 jure
673 3423 841 3486 communi
867 3420 1036 3485 deflectat:
1070 3420 1226 3506 quemad·

137 3520 272 3585 modum
305 3523 404 3585 etiam
437 3523 472 3585 in
507 3544 587 3586 casu
623 3529 734 3584 nostro
767 3521 856 3583 circa
888 3521 1162 3604 compositionem
1188 3520 1229 3584 de

137 3619 266 3684 duabus
291 3619 412 3684 scholis
437 3618 685 3705 parochialibus
702 3621 736 3683 in
753 3617 927 3684 Faribault
951 3619 1034 3682 etin
1052 3617 1230 3684 Stillwater

137 3741 289 3804 expresse
313 3720 377 3783 fuit
400 3743 419 3782 a
444 3718 580 3784 Summo
605 3717 769 3782 Pontifice
795 3716 998 3781 declaratum
1025 3720 1057 3781 in
1084 3719 1180 3803 epist.
1196 3716 1227 3784 d.

136 3818 178 3882 ad
196 3820 368 3903 episcopos
393 3820 587 3904 provinciae
612 3816 898 3881 neo-eboracensis
915 3815 947 3880 d.
961 3815 1013 3880 28.
1031 3815 1112 3901 Maji
1130 3817 1226 3881 1892.

226 3915 324 3980 Unde
343 3926 441 4001 patet,
463 3937 619 4000 praesens
635 3915 698 3980 hoe
714 3914 908 3979 tolerantiae
925 3914 1095 3978 decretum
1112 3936 1229 3979 revera

138 4036 206 4078 esse
230 4036 273 4076 ex
297 4012 424 4098 duplici
447 4013 542 4078 titulo
567 4014 672 4099 legem
707 4013 856 4078 odiosam
888 4013 1093 4099 proindeque
1117 4013 1227 4097 talem,

138 4133 222 4198 quae
237 4111 397 4176 adhibitis
406 4114 575 4177 canonicis
591 4114 872 4198 interpretationis
889 4111 1011 4198 regulis
1022 4112 1168 4178 maxime
1182 4136 1229 4178 re·

138 4212 297 4275 strictivis
316 4211 477 4296 explicari
488 4211 616 4278 debeat.
638 4213 704 4276 Eas
715 4211 771 4276 hic
782 4212 897 4297 paucis
908 4209 1092 4276 declaratas
1102 4213 1228 4298 accipe.

230 4417 249 4487 ¹)
277 4413 414 4472 Contersie
438 4431 558 4484 quecea
576 4415 610 4471 de
627 4431 658 4472 re
675 4415 759 4471 letius
777 4415 881 4484 scripte
898 4419 963 4470 sunt
981 4415 1010 4469 in
1028 4413 1130 4470 nostris
1151 4416 1225 4471 Com·

138 4497 278 4552 montariie
306 4496 334 4550 in
363 4495 443 4555 Oonc.
462 4496 566 4565 plener.
584 4496 720 4556 baltimor.
740 4501 804 4552 tert.
824 4500 903 4566 parte
923 4498 946 4562 l,
965 4511 1008 4564 pp.
1030 4497 1179 4552 loo-193.

653 4604 710 4674 (45)
