3218 5446
1239 398 1250 503 l

645 567 681 622 11.
700 567 741 622 Do
759 564 910 620 rationibus
929 563 1031 618 doeroti
1050 562 1213 618 tolerantiae

369 679 635 692 ...φῇ-...-

369 757 495 833 ,utpote
518 747 742 812 exorbitantia
765 747 897 832 ojuro‘,
922 745 1006 810 adeo
1030 766 1096 810 non
1110 747 1176 808 sint
1188 742 1373 829 approbata
1396 765 1473 822 ,no-

368 868 434 932 que
457 845 621 911 trabonda
643 845 687 910 ad
711 844 1031 931 consequentiam‘1),
1056 853 1093 908 ut
1116 863 1155 906 oa
1179 843 1280 908 immo
1303 853 1474 928 ‚oporteat

370 942 462 1007 volut
485 942 598 1006 odiosa
621 941 828 1027 restringi‘¹),
853 964 956 1029 quum
980 963 1022 1006 ox
1038 941 1220 1027 pomponiis
1236 939 1472 1026 singularibus

370 1041 538 1126 adjunctis
576 1040 867 1127 ,exceptionalium
916 1043 1067 1104 oasuum‘
1106 1038 1288 1124 probentur
1333 1047 1471 1104 tantum

370 1147 518 1226 ,propter
540 1140 769 1204 necessitatem
794 1138 1003 1221 ooneossa‘³).
1028 1137 1155 1202 Verum
1179 1159 1218 1202 oo
1242 1136 1284 1201 do
1306 1135 1472 1204 refusius

370 1247 489 1324 agetur
511 1237 600 1302 inira
622 1259 679 1304 nn.
703 1236 848 1304 50-56.

895 1541 940 1606 11.

567 1669 619 1736 llo
642 1667 855 1734 rationibus.
875 1665 1013 1734 deonoti
1035 1665 1268 1733 tolerantiae.

463 1832 515 1896 17.
552 1829 755 1894 Praomon.
788 1827 814 1894 Ι.
860 1826 926 1890 Hic
949 1848 1016 1892 non
1053 1828 1164 1911 agitur
1196 1827 1237 1890 do
1270 1825 1467 1908 tolerantia,

373 1951 472 2014 quam
493 1949 654 2014 personae
677 1927 828 2012 privatae
851 1925 935 2003 aliis,
961 1947 1036 1989 eum
1061 1925 1183 2012 quibus
1206 1925 1319 2011 aliqua
1335 1928 1468 1992 rationo

367 2027 506 2112 junctae
522 2027 653 2107 vivunt,
676 2045 782 2111 aequo
806 2025 919 2089 animo
943 2023 1119 2096 adhibent;
1145 2022 1204 2088 sod
1220 2025 1370 2110 quaestio
1396 2046 1468 2109 spe·

374 2126 488 2190 oiatim
512 2124 626 2189 existit
648 2123 690 2186 de
705 2144 744 2186 ee
767 2121 952 2204 tolerantia,
977 2144 1044 2206 que
1060 2124 1239 2186 auotoritas
1259 2121 1394 2208 publiea
1411 2141 1468 2208 pa-

374 2225 494 2287 tiontor
510 2222 583 2303 fort,
607 2241 693 2308 quae
716 2230 787 2285 tum
812 2242 832 2284 a
855 2220 1000 2306 propriis
1021 2219 1165 2296 subditis
1188 2229 1260 2284 tum
1276 2219 1319 2284 ab
1336 2218 1470 2303 alionis,

374 2320 438 2384 sibi
452 2330 562 2384 tamen
579 2319 695 2384 morali
712 2318 823 2404 aliquo
841 2318 975 2383 vinculo
1000 2317 1264 2399 cohaerentibus,
1282 2318 1467 2383 identidem

374 2426 489 2482 eontra
500 2418 588 2502 logos
603 2418 674 2483 fieri
688 2417 790 2499 videt,
816 2438 919 2504 quum
944 2439 990 2481 ea·
1006 2427 1118 2482 tamen
1142 2439 1271 2482 summo
1286 2426 1386 2504 atquo
1410 2415 1467 2481 ab·

375 2515 480 2580 soluto
511 2517 587 2601 jure
612 2515 788 2603 prohibere
812 2515 962 2601 possae).

466 2679 517 2743 18.
542 2677 741 2743 Praomon.
755 2676 799 2743 II.
824 2675 1015 2741 Teloruntia
1032 2678 1080 2741 sio
1094 2685 1232 2762 aeeopta
1247 2678 1339 2740 vario
1353 2675 1469 2757 distin·

375 2775 488 2860 guitur
500 2797 559 2861 pro
580 2776 684 2857 vario,
701 2774 791 2861 quod
804 2777 994 2858 assumitur,
1010 2775 1186 2840 divisionis
1208 2770 1468 2856 fundamentob.

466 2873 520 2937 Ad
545 2873 635 2937 buno
657 2871 767 2937 locum
792 2895 870 2958 prae
895 2875 1032 2938 caeteris
1057 2896 1095 2938 ea
1119 2875 1287 2938 distinctio
1317 2873 1470 2958 pertinet,

377 2992 452 3057 qua,
477 2973 605 3036 rationo
628 2969 743 3036 babitu
767 2973 893 3036 formae
917 2973 1149 3056 concessionis,
1173 2972 1239 3036 alia
1254 2971 1377 3036 dieitur
1391 2969 1471 3034 tole·

378 3071 487 3133 routia
509 3072 646 3154 ,taeita‘,
670 3070 736 3134 alia
760 3093 838 3134 voro
861 3074 1050 3157 ,expressa‘.

467 3166 765 3232 Tolerantiotaoita
778 3169 845 3232 fore
855 3191 929 3232 eum
943 3169 1072 3233 silentio
1081 3169 1293 3233 oeconomico
1303 3169 1470 3248 convenit,

378 3265 467 3352 quod
490 3265 656 3350 legislator
680 3267 846 3331 interdum
870 3266 913 3331 ad
938 3268 1063 3353 majora
1087 3265 1174 3330 mela
1195 3266 1333 3330 vitando
1350 3278 1470 3330 servat.

467 3363 657 3430 Tolerantia
692 3388 847 3450 expresse
880 3365 1161 3449 subdistinguitur
1193 3366 1228 3428 in
1258 3363 1468 3448 ,edictalem‘,

380 3483 465 3547 queo
481 3461 624 3546 ,odiet0‘,
640 3465 721 3528 etin
738 3463 969 3546 ,decretalem‘,
995 3486 1079 3550 quae
1094 3463 1249 3548 ,decreto‘
1262 3464 1473 3548 permittitur.

468 3560 617 3626 Sumitur
627 3562 922 3644 autom,odietum‘,
936 3562 1009 3626 aliis
1020 3562 1320 3645 significationibus
1328 3563 1469 3643 omissis,

380 3681 437 3744 pro
463 3661 697 3725 constitutione
720 3661 866 3744 generali
890 3663 1060 3747 principis,
1086 3682 1171 3746 quae
1196 3681 1310 3724 omnes
1332 3659 1472 3745 populos

380 3770 412 3819 ot
434 3759 625 3843 provincias
649 3767 751 3825 tonet:
789 3769 888 3844 atque
913 3781 1041 3823 eonon
1066 3760 1101 3823 iu
1126 3760 1248 3843 privati
1273 3759 1471 3844 cujusquam

471 3938 492 4006 ¹)
510 3937 556 3991 Ita
574 3936 670 4006 regule
684 3937 756 4005 juris
774 3936 809 3990 28
828 3936 856 3989 in
875 3935 900 3991 6.
975 3935 998 4007 ²)
1018 3935 1047 3993 O.
1067 3937 1095 3990 Is
1113 3936 1160 4005 qui
1179 3935 1225 3992 eit.
1301 3935 1322 4004 ³)
1342 3934 1397 3992 Ofr.
1411 3951 1471 4003 reg.

376 4019 431 4086 jur.
451 4018 486 4073 78
503 4017 532 4072 in
550 4018 575 4076 6,
649 4019 670 4087 ⁴)
690 4016 732 4070 Ad
757 4033 812 4071 rom
837 4015 905 4071 bone
924 4016 1119 4071 animadvortit
1137 4017 1285 4071 Rotteelr
1303 4015 1321 4070 l.
1335 4031 1376 4071 o:
1400 4015 1473 4076 ‚Wir

380 4098 468 4154 haben
486 4098 545 4153 bier
563 4098 639 4152 nieht
657 4114 693 4151 zu
711 4099 793 4152 roden
813 4113 865 4152 von
878 4097 926 4152 der
939 4098 1075 4166 Dnldung,
1096 4098 1139 4152 die
1151 4097 1285 4152 zwisebou
1296 4096 1428 4150 Privaton
1439 4127 1473 4138 -

380 4180 556 4250 gegeuseitig
575 4180 638 4243 odor
657 4179 786 4246 einseitig
805 4178 958 4232 vorlrommt
977 4178 1041 4232 oder
1060 4179 1232 4232 vorkommen
1251 4179 1339 4244 kann;
1357 4176 1474 4231 sondoru

380 4277 433 4315 nur
451 4277 505 4315 von
522 4259 688 4328 derjenigon,
708 4259 808 4313 welche
821 4275 875 4313 von
887 4259 961 4314 Seite
980 4257 1055 4312 einer
1065 4257 1283 4314 dffentliehen-
1293 4257 1317 4314 d.
1328 4257 1354 4311 h.
1369 4258 1474 4311 Staata-

382 4341 445 4395 edor
482 4340 734 4396 KirehouGewrdt
765 4342 794 4394 in
819 4341 913 4408 Bezug
938 4339 989 4393 ouf
1014 4339 1058 4394 die
1094 4341 1234 4395 dorselben
1264 4339 1475 4408 Untergobeuon

382 4421 446 4474 odor
465 4420 516 4475 wie
533 4425 610 4474 soust
627 4422 722 4475 immor
740 4421 791 4475 mit
808 4419 852 4474 ihr
869 4420 897 4473 in
917 4420 1080 4488 Berlibrung
1098 4420 1251 4476 Stohendeu
1263 4419 1399 4488 ansgodbt
1411 4419 1475 4474 odor

383 4502 547 4572 vorweigert
565 4502 650 4558 wird‘.
741 4501 765 4572 5)
785 4500 840 4556 Cir.
859 4500 1026 4565 Rottoolr,
1045 4501 1063 4556 l.
1078 4517 1108 4568 e,
1127 4518 1149 4558 s.
1168 4516 1194 4557 v.
1213 4500 1351 4570 Duldnng.

899 4607 957 4679 (12)
