3218 5446
603 551 638 606 11.
658 551 698 605 De
716 550 869 606 rationibus
888 551 990 606 decreti
1010 551 1174 606 tolerantiae

344 735 394 798 sui
420 735 636 799 canonicatus
661 735 831 819 percipere
855 732 998 814 valeant,
1024 732 1162 819 perinde
1185 753 1224 796 ao
1243 729 1385 796 sichero
1402 739 1441 796 et

344 831 469 895 divinis
493 831 611 900 officiis
634 831 853 917 personaliter
876 833 1093 912 interessent,
1118 832 1191 896 sina
1215 850 1368 915 expresso
1388 830 1439 892 in·

344 929 435 994 dulto
459 930 629 1015 pontificio
654 929 796 994 obtineri
821 939 1001 1017 nequeunt,
1036 931 1115 1016 quia
1144 938 1222 994 sunt
1245 937 1358 992 contra
1375 926 1439 1010 jus

344 1040 529 1096 commune.
560 1028 672 1109 Quum
700 1039 810 1094 tamen
843 1027 922 1095 Sodi
954 1028 1167 1116 Apostolicae
1198 1033 1441 1114 proponeretur

345 1128 505 1211 quaestio,
530 1127 690 1212 quidnam
716 1127 919 1192 censendum
952 1137 1038 1192 esset
1070 1127 1111 1191 de
1142 1127 1272 1190 statutis
1305 1122 1441 1191 illarum

346 1224 568 1307 eeclesiarum,
594 1226 629 1288 in
653 1225 775 1310 quibus
795 1225 1014 1311 jubilationes
1038 1228 1110 1290 sine
1133 1225 1271 1310 praevio
1300 1243 1439 1286 recursu

304 1369 306 1374 ,
347 1322 390 1388 ad
414 1324 587 1388 Summum
619 1323 817 1388 Pontificem
850 1335 965 1390 contra
994 1325 1166 1406 canones¹)
1198 1322 1438 1402 conceduntur,

346 1419 378 1486 S.
390 1421 609 1505 Congregatio
624 1419 851 1487 Cardinalium
870 1423 1003 1489 concilii
1020 1423 1194 1488 tridentini
1208 1424 1436 1506 interpretum,

347 1529 515 1584 annuente
539 1521 639 1584 etiam
663 1520 825 1604 Gregorio
846 1521 915 1588 ·PP.
941 1523 1033 1603 XIII,
1060 1521 1253 1599 declaravit,
1289 1521 1349 1583 ista
1373 1527 1435 1580 sta·

347 1626 419 1681 tuta
442 1616 599 1701 gravibus
624 1618 664 1681 de
689 1621 797 1683 causis
821 1621 911 1686 nullo
936 1624 1079 1707 positivo
1103 1631 1179 1686 actu
1205 1643 1275 1684 esse
1296 1621 1366 1682 sive
1381 1639 1438 1702 ap·

345 1715 517 1802 probanda
540 1719 611 1781 sive
635 1717 866 1802 improbanda,
891 1721 949 1785 sed
975 1719 1144 1784 tolerando
1166 1728 1305 1784 tantum.

433 1814 655 1879 Jubilationes
680 1825 790 1880 autem
814 1817 914 1883 rebus
946 1820 1062 1905 ajuro
1087 1815 1354 1883 exorbitantibus
1384 1836 1437 1878 ac·

347 1914 485 1994 censeri,
518 1921 551 1976 et
582 1915 617 1977 in
645 1914 764 1980 iisdem
804 1916 1015 1982 declarandis
1052 1939 1120 1984 nou
1153 1938 1247 1980 secus
1280 1922 1378 1999 atque
1402 1913 1438 1976 in

347 2012 484 2075 caeteris
509 2010 662 2076 omnibus
678 2017 819 2097 negotiis
834 2017 957 2081 odiosis
970 2017 1133 2080 utendum
1150 2038 1222 2080 csse
1237 2013 1436 2080 restrictivis

347 2110 626 2195 interpretationis
647 2112 780 2197 regulis,
804 2125 878 2180 acta
902 2115 1094 2201 praedictae
1109 2114 1142 2181 S.
1159 2110 1445 2198 Congregationis-

346 2210 560 2294 perspicuum·
581 2209 752 2293 facienti).

347 2425 398 2488 De
422 2423 518 2488 modo
551 2425 747 2510 providendi
779 2430 1008 2493 sustentationi
1041 2427 1276 2493 nonnullorum
1310 2422 1437 2486 missi0-

775 2547 952 2592 nemorum.

433 2704 485 2767 42.
520 2701 724 2783 ,Quaeritum
750 2712 859 2767 utrum
885 2707 1112 2786 missionariis,
1145 2706 1180 2768 in
1214 2723 1316 2787 regno
1343 2699 1437 2763 Sina·

345 2824 428 2883 rum,
454 2823 496 2864 ex
520 2799 766 2885 dispensatione
791 2803 962 2887 pontificia
987 2805 1057 2867 sine
1072 2801 1167 2867 titulo
1186 2798 1436 2869 sustentationis

346 2899 389 2962 ad
413 2920 522 2963 saeros
546 2897 678 2963 ordines
695 2903 862 2984 promotis,
894 2901 993 2966 liceat
1026 2903 1070 2966 od
1100 2904 1151 2966 aui
1180 2899 1439 2964 sustentationem

347 3008 566 3062 mercaturam
591 3019 756 3082 exercere,
788 3003 947 3085 pecunias
979 3024 1055 3065 suas
1087 2998 1326 3066 mercatoribus
1359 2995 1439 3058 dare

346 3107 378 3160 et
402 3119 477 3161 oum
502 3098 582 3182 ipsis
599 3099 790 3163 societatem
806 3101 901 3181 inire,
918 3101 1074 3179 maxime,
1093 3121 1194 3185 quum
1210 3121 1277 3163 non
1292 3094 1440 3159 habeant

347 3196 381 3258 in
406 3195 470 3260 illis
492 3192 644 3281 partibus
668 3196 766 3260 aliam
791 3200 953 3262 rationem
982 3221 1016 3262 se
1048 3198 1278 3262 sustentandi‘.

434 3313 540 3394 ,Licet
563 3314 665 3379 Sedes
689 3312 882 3399 Apostolica
906 3314 987 3378 alias
1019 3317 1277 3397 negotiationem
1296 3311 1435 3390 clericis,

347 3411 445 3474 etiam
472 3415 698 3490 missionariis,
723 3411 806 3477 adeo
832 3415 969 3476 vetitam
1003 3411 1195 3493 declararet,
1228 3421 1264 3475 ut
1288 3431 1360 3474 eam
1384 3429 1439 3471 ne-

348 3531 410 3593 que
435 3531 493 3594 per
515 3534 550 3576 se
573 3515 661 3598 ipsos
696 3532 803 3596 neque
837 3533 896 3596 per
930 3511 1010 3575 alios
1044 3510 1110 3575 ulla
1143 3512 1271 3575 ratione
1306 3504 1439 3595 possent

349 3630 511 3686 exercere,
538 3612 571 3674 in
596 3611 761 3695 praesenti
792 3631 871 3673 casu
895 3619 1006 3674 tamen
1031 3633 1090 3695 per
1113 3631 1274 3694 organum
1299 3607 1330 3672 S.
1355 3603 1439 3670 Oon·

347 3711 548 3789 gregationis
573 3710 614 3773 de
638 3708 862 3792 Propaganda
886 3709 970 3772 Fide
995 3719 1181 3794 opportuna
1206 3708 1359 3771 cautione
1384 3702 1437 3766 ad-

347 3803 452 3869 hibita
476 3809 664 3892 rescripsit:
694 3803 861 3891 ,toleratur
889 3806 931 3870 ad
965 3809 1235 3870 sustentationem
1269 3803 1436 3890 propriam

439 4017 460 4090 ¹)
483 4019 604 4086 Exiere
622 4017 755 4072 communi
779 4016 924 4072 infirmitas
950 4021 1138 4074 canonicorum
1163 4024 1192 4074 et
1217 4016 1438 4072 beneficiatorum

347 4103 396 4152 aut
414 4099 508 4167 gravis
527 4099 670 4153 eorundem
695 4102 771 4151 aetas
790 4098 936 4152 remedium
955 4099 1038 4154 habet
1063 4099 1248 4169 coadjutoriae
1267 4102 1316 4151 aut
1334 4093 1437 4149 indulti

347 4179 462 4232 vacandi
481 4195 497 4233 a
516 4179 595 4232 choro
612 4178 730 4232 *durante
742 4177 910 4244 infirmitate,
930 4180 1154 4246 quemadmodum
1166 4178 1289 4247 pluribus
1302 4172 1438 4244 prosequi·

347 4263 394 4312 tur
411 4259 450 4312 de
468 4260 573 4325 Luca,
595 4259 735 4312 Discursu
756 4261 796 4324 lt,
815 4275 860 4316 nn.
880 4259 973 4328 esqq.
1066 4261 1086 4329 2)
1106 4261 1189 4315 Plura
1209 4261 1251 4314 'ex
1270 4255 1386 4312 decretis
1405 4255 1438 4308 ad

343 4339 533 4408 jubilationem
552 4339 738 4408 spectantibus
757 4339 856 4393 videsis
883 4340 954 4408 apud
972 4340 1214 4406 SchulteRiohter,
1231 4339 1261 4392 in
1280 4337 1344 4394 edit.
1364 4349 1437 4390 conc.

298 4479 300 4482 ,
347 4418 410 4476 trid.
431 4420 465 4473 ad
483 4436 547 4477 sess.
566 4421 608 4487 24,
629 4437 651 4476 c.
672 4422 713 4486 13,
732 4436 777 4475 nn.
797 4421 934 4492 92-1153
960 4427 989 4476 et
1014 4423 1085 4490 apud
1103 4421 1276 4491 Phillips,
1301 4417 1437 4473 Kiroloou-

347 4501 429 4566 recht,
449 4505 469 4556 t.
489 4501 514 4573 7,
533 4515 577 4568 pp.
597 4502 650 4556 390
664 4501 746 4554 -39l.

863 4607 920 4678 (28)
