3218 5446
895 909 1069 977 Appendix.

668 1062 717 1124 De
740 1062 919 1148 episcopali
942 1062 1133 1125 tolerantiae
1156 1061 1291 1124 decretu

522 1224 574 1288 83.
591 1223 665 1286 Xon
681 1221 787 1285 solnm
797 1224 916 1286 summi
927 1225 1105 1308 principes.
1115 1243 1232 1286 verum
1243 1223 1342 1284 etiam
1355 1219 1539 1288 inferiores

433 1323 645 1406 magistratus
660 1320 856 1400 identidem,
882 1324 1052 1406 perpensis
1069 1320 1295 1407 peculiaribus
1311 1339 1537 1404 personarum

433 1441 611 1504 rerumque
634 1418 813 1504 adjunctis,
839 1419 882 1482 ad
908 1419 941 1483 id
966 1418 1097 1484 consilii
1122 1419 1316 1487 deveniunt
1349 1419 1537 1500 nt,magni

432 1515 575 1602 alicujus
598 1529 657 1581 aut
678 1517 886 1603 adipiscendi
911 1517 990 1583 boni
1015 1529 1073 1584 aut
1097 1517 1298 1604 probibendi
1322 1539 1422 1581 causa
1449 1515 1536 1579 mali

434 1617 599 1700 patienter
620 1616 781 1698 ferant‘¹),
815 1640 901 1703 quae
926 1621 1030 1682 vetita
1062 1616 1193 1703 legibus
1225 1626 1322 1682 sunt:
1356 1618 1427 1680 sive
1451 1615 1536 1679 tole·

434 1715 540 1778 rantia
566 1715 647 1779 nudi
672 1717 751 1778 lacti
771 1715 985 1781 violationem
1005 1718 1093 1803 juria
1107 1717 1178 1780 fieri
1194 1717 1314 1796 sinant,
1335 1714 1537 1778 bominibus

434 1809 531 1874 malie
555 1835 625 1892 ,sno
651 1815 785 1898 ingenio
817 1837 892 1879 cum
919 1819 1018 1880 venia
1041 1815 1218 1896 relictis‘2),
1251 1817 1323 1879 aive
1352 1812 1536 1877 tolerantia

434 1907 591 1974 decretali
618 1910 769 1976 illicitum
794 1915 1000 1998 permittant,
1025 1936 1091 1979 non
1116 1913 1251 2000 quidem
1269 1911 1454 1999 probando,
1471 1915 1536 1975 im-

435 2010 620 2092 punitatem
649 2021 761 2076 tamen
796 2012 907 2077 dando
932 2024 965 2078 et
982 2015 1050 2100 jus,
1084 2036 1126 2078 ne
1159 2014 1342 2099 quisalius
1366 2012 1536 2097 impedire

434 2109 545 2191 possit.

526 2206 699 2291 Ejusmodi
725 2211 923 2297 episcopalis
947 2212 1153 2294 tolerantiae,
1179 2235 1238 2297 per
1259 2211 1427 2276 decretum
1454 2233 1536 2276 con-

435 2324 558 2384 cessae,
583 2308 773 2394 exemplum
799 2313 886 2376 inter
909 2311 976 2375 alia
1000 2314 1043 2376 sit
1067 2310 1331 2397 extrajudicialis
1354 2311 1536 2395 permissio
1607 2361 1608 2378 t

434 2399 579 2484 divortii,
604 2427 689 2490 quae
714 2407 805 2472 baud
830 2431 902 2472 raro
928 2410 1131 2475 conceditur.
1155 2410 1277 2474 Notum
1294 2406 1451 2473 omnibus
1468 2418 1536 2488 est,

434 2503 675 2585 separationem
700 2509 763 2569 tori
788 2517 888 2594 atque
922 2508 1141 2573 habitationis
1166 2509 1344 2595 conjugum
1369 2529 1412 2570 ex
1435 2529 1535 2590 prae-

434 2599 555 2683 scripto
586 2623 756 2668 sacrorum
790 2628 955 2670 canonum
988 2630 1047 2691 per
1073 2606 1255 2691 legitimam
1275 2606 1402 2692 judicis
1425 2605 1536 2669 eccle-

434 2698 557 2762 siastici
584 2705 783 2767 sententiam
808 2704 942 2769 decerni
968 2705 1099 2770 debere.

523 2797 600 2862 Jam
625 2821 704 2865 vero
729 2803 756 2865 si
781 2803 967 2888 episcopus,
992 2805 1088 2889 cujus
1107 2804 1237 2890 judicio
1270 2801 1448 2867 concilium
1473 2805 1533 2865 tri-

435 2892 607 2960 dentinum
634 2900 893 2965 matrimoniales
908 2925 1025 2966 causas
1038 2901 1243 2982 commisit³),
1261 2901 1360 2965 rebus
1372 2899 1533 2964 omnibus

437 2993 655 3060 consideratis
686 3001 888 3084 perspiciat,
920 3023 962 3064 ex
995 3023 1151 3086 processu
1186 3001 1309 3064 lorensi
1340 3020 1399 3084 pro
1430 2997 1533 3062 bunia

438 3089 524 3154 mala
548 3114 619 3157 esse
644 3107 808 3178 secutura,
833 3101 905 3161 sive
921 3099 1021 3184 quod,
1036 3099 1167 3164 actibus
1174 3096 1394 3185 judicialibus
1402 3098 1532 3160 animo-

435 3210 507 3253 rum
522 3193 733 3258 exacerbatio
750 3197 987 3280 praevideatur
1001 3200 1115 3280 augeri
1132 3197 1276 3283 indeque
1301 3194 1531 3259 reconciliatio

435 3285 605 3353 difficilior
627 3292 776 3374 reddi‘4),
810 3296 883 3358 sive
907 3295 995 3381 quod
1027 3295 1186 3381 conjuges
1219 3297 1253 3359 in
1281 3294 1410 3379 judicio
1441 3314 1531 3357 com-

434 3406 550 3470 parere
566 3388 759 3474 detrectent,
785 3395 856 3456 sive
888 3395 988 3479 quod,
1013 3397 1222 3480 separatione
1241 3395 1304 3457 tori
1328 3411 1530 3476 mensaeque

435 3486 567 3569 proprio
592 3487 729 3553 arbitrio
753 3490 841 3554 facta
866 3492 908 3556 ab
934 3495 1080 3556 invicem
1100 3493 1172 3578 jam
1197 3491 1423 3556 discesserint:
1447 3499 1530 3553 tuuc

435 3584 606 3649 enimvero
637 3588 718 3672 ipse,
757 3611 856 3654 causa
895 3593 1040 3674 primum
1078 3588 1377 3676 extrajudicialiter
1412 3586 1528 3651 sedulo

435 3686 637 3764 examinata,
663 3688 797 3771 majoris
821 3688 899 3753 mali
925 3689 1149 3775 praecavendi
1166 3712 1277 3770 causa,
1302 3687 1433 3752 decretu
1450 3685 1528 3750 tole·

435 3781 562 3845 tantiae
579 3782 678 3863 editu,
705 3789 934 3871 comparativa
949 3789 1166 3873 permissione
1181 3789 1376 3873 ,permittit‘,
1393 3796 1429 3849 ut
1451 3808 1528 3849 cun-

430 3876 529 3960 juges
554 3881 587 3944 in
612 3886 820 3968 separatione
845 3887 906 3949 tori
930 3897 1029 3972 atque
1053 3886 1270 3950 habitationis
1294 3889 1420 3949 vivant.

525 3977 576 4042 84.
602 3979 737 4046 Certum
762 3985 862 4046 ritum
889 3984 1083 4048 tolerantiae
1112 3985 1236 4049 decreti
1261 3986 1297 4048 in
1321 4007 1422 4048 causa
1443 3983 1526 4046 adeo

435 4077 529 4156 gravi
542 4074 689 4160 legitime
705 4081 907 4165 expediendi
924 4085 957 4147 in
969 4085 1093 4147 vicinia
1104 4095 1216 4148 nostra
1229 4083 1307 4147 olim
1316 4083 1529 4168 praescripsit

437 4221 648 4232 ...ν-ῃ...-

527 4307 547 4379 ¹)
566 4309 609 4364 SS.
622 4311 653 4367 D.
667 4310 698 4366 N.
710 4311 764 4364 Leo
775 4312 827 4367 ΡΡ.
838 4312 914 4368 ΧΙΠ.
934 4313 1082 4370 Constitui
1094 4313 1258 4379 ,Immortale
1271 4312 1338 4368 Dei‘.
1395 4312 1417 4382 2)
1437 4311 1466 4369 C.
1476 4313 1529 4366 De·

435 4385 517 4454 nique
536 4391 560 4446 6.
580 4391 643 4448 dist.
663 4391 687 4446 4.
763 4391 785 4461 8)
805 4392 873 4450 Sess.
893 4396 935 4460 24,
955 4411 976 4451 c.
996 4397 1032 4449 20
1050 4395 1082 4448 de
1100 4395 1208 4453 reform.
1282 4396 1305 4465 ⁴)
1325 4395 1453 4449 Instruct.
1473 4411 1528 4448 ma-

436 4469 545 4525 trImon.
564 4471 693 4526 Austriae
712 4473 727 4542 ξ
747 4474 807 4529 241.

953 4582 1009 4650 (60)
