3218 5446
353 581 473 648 exemplo
492 580 644 634 amoricano
663 579 816 644 illustratis,
838 596 883 635 nn.
903 583 1019 636 50-51.

138 693 377 702 Μ

215 870 359 953 Tribus,
384 879 420 934 ut
444 869 550 951 vides,
575 869 747 935 elementis
780 877 890 932 textus
923 869 1072 954 responsi
1103 869 1232 932 romani

138 977 283 1033 constat:
318 971 346 1034 1.
380 969 556 1033 Firmitate
584 968 711 1033 roboris
744 967 855 1052 legum
879 966 1165 1031 haltimorensium
1191 966 1232 1030 de

137 1066 257 1131 scholis
290 1066 546 1153 parochialibus,
585 1068 615 1134 2.
641 1065 816 1131 tolerantia
848 1066 1097 1151 compositionis
1130 1064 1232 1128 relate

137 1164 180 1229 ad
204 1164 332 1229 scholas
357 1165 398 1229 de
421 1167 450 1230 F
452 1164 597 1230 aribault
611 1173 643 1228 et
659 1163 836 1230 Stillwater
852 1165 965 1246 initae,
990 1185 1095 1249 eaque
1114 1163 1144 1227 3.
1163 1184 1232 1248 per·

137 1265 247 1349 pensis
271 1263 426 1328 omnihus
451 1264 710 1328 circumstantiis
733 1263 903 1348 permissa.

225 1362 277 1426 De
301 1361 353 1425 his
377 1363 634 1426 circumstantiis
658 1382 737 1425 mox
753 1360 892 1441 dicetur,
917 1359 975 1424 ubi
993 1359 1033 1424 de
1052 1360 1160 1423 causis
1178 1357 1231 1422 de·

137 1462 217 1524 creti
241 1481 347 1524 sermo
372 1461 433 1524 erit
457 1483 488 1527 n.
514 1460 566 1526 55.
593 1460 666 1523 Hoc
689 1457 760 1523 loco
785 1458 820 1522 id
834 1466 962 1522 tanturn
986 1457 1230 1541 satagendum,

136 1567 173 1623 ut
196 1558 261 1622 duo
286 1558 396 1643 priora
420 1557 583 1622 elementa
605 1559 668 1620 rite
685 1556 925 1638 intelligantur.

223 1658 249 1722 Ι.
275 1657 390 1720 Firmis
420 1659 456 1720 ira
478 1679 534 1721 suo
557 1657 668 1722 robore
691 1655 889 1720 marcentibus
919 1655 1053 1718 decretis
1080 1653 1228 1717 coneilio·

134 1778 204 1818 rum
227 1765 282 1818 eto.
307 1754 359 1818 De
383 1757 489 1840 primo
513 1757 618 1819 inciso
642 1757 743 1840 igitur
759 1754 841 1819 haec
858 1755 947 1817 circa
964 1753 1229 1816 imminutionem

136 1853 258 1917 valoris
281 1851 422 1937 alicujus
445 1852 527 1938 legis
551 1854 593 1918 ad
619 1862 763 1917 mentem
788 1875 820 1918 n.
846 1853 889 1916 24
912 1851 1068 1916 observa:

224 1949 308 2036 Legi
339 1952 467 2015 ratione
505 1953 558 2016 sui
596 1951 729 2016 validae
763 1950 892 2015 detrahi
918 1950 1012 2015 valor
1044 1958 1152 2035 potest
1187 1971 1229 2012 ex

136 2049 241 2135 ipsius
265 2048 463 2134 legislatoris
487 2052 558 2115 sive
582 2054 684 2132 ,vera‘
708 2051 780 2114 sive
796 2051 1030 2135 ,praesumpta‘
1049 2048 1228 2113 voluntate.

224 2146 335 2228 ,Vera‘
359 2147 555 2231 legislatoris
580 2147 734 2213 voluntas
758 2158 866 2234 potest
896 2170 967 2212 esse
991 2169 1146 2232 expresse
1170 2155 1229 2210 aut

135 2247 236 2309 tacite
261 2247 480 2310 manifestata.

224 2342 312 2408 Vera
335 2343 532 2430 legislatoris
557 2344 727 2409 voluntate
751 2347 930 2430 ,expresse‘
954 2343 1165 2408 manifestata
1187 2342 1228 2406 de

135 2441 248 2506 valore
271 2441 355 2526 legis
378 2445 572 2528 praesertim
597 2453 739 2530 quatuor
756 2443 862 2507 modis
879 2442 1008 2507 detrahi
1023 2451 1147 2527 potest:
1172 2440 1227 2505 ab·

134 2541 315 2625 rogatione,
341 2540 564 2626 derogatione,
581 2543 829 2627 dispensatione
847 2551 879 2605 et
898 2543 1092 2606 irritatione.

221 2637 471 2724 ,Abrogatione‘
503 2640 558 2704 lex
582 2642 717 2705 omnino
743 2639 887 2720 deletur3
921 2637 1158 2722 ,derogatione‘
1182 2659 1225 2699 ex

132 2747 225 2822 parte
248 2747 377 2802 tantum
413 2737 553 2815 tollitur;
577 2739 847 2824 ‚dispensatione‘
872 2737 955 2823 legis
985 2735 1142 2820 obligatio
1179 2757 1226 2799 re-

133 2845 248 2921 spectu
285 2846 393 2904 certae
426 2860 597 2922 personae,
631 2837 686 2901 vel
724 2840 805 2901 certi
844 2839 1003 2922 temporis
1039 2834 1225 2915 relaxatur3

132 2936 338 3016 ,irritatione‘
361 2933 416 2998 lex
440 2935 605 3000 inferioris
622 2937 833 3020 magistratus
846 2958 866 2999 a
881 2938 1049 3021 superiore
1067 2933 1224 2998 aufertur.

220 3033 307 3096 Vera
338 3032 536 3118 legislatoris
568 3035 738 3099 voluntate
775 3036 898 3117 ,tacite‘
931 3033 1143 3098 manifestata
1171 3032 1226 3096 lex

132 3132 282 3194 amittere
307 3129 453 3194 valorem
479 3141 586 3217 potest
608 3132 757 3218 legitima
774 3134 940 3197 contraria
959 3131 1226 3215 ,consuetudine‘

132 3237 164 3292 et
187 3227 423 3315 ,cessatione‘1)

220 3326 275 3392 Ad
305 3332 575 3413 ,praesumptam‘
606 3330 804 3414 legislatoris
836 3329 1042 3394 voluntatem
1080 3331 1224 3415 pertinet

130 3424 285 3511 ‚epikeja‘
309 3421 505 3510 (duscitulo),
530 3450 594 3512 quo
620 3429 754 3493 nomine
778 3430 1007 3513 interpretatio
1034 3429 1127 3492 venit
1157 3449 1223 3491 nou

130 3532 198 3587 tam
223 3525 327 3608 ipsius
350 3524 442 3609 legis,
473 3548 574 3611 quam
598 3528 718 3591 mentis
751 3525 968 3610 legislatoris:
993 3525 1127 3610 quando
1162 3528 1221 3588 sci-

129 3622 207 3686 licet
230 3621 273 3686 ab
297 3622 478 3707 peculiaria
502 3647 611 3689 rerum
644 3647 683 3688 ac
718 3635 908 3710 temporum
932 3624 1093 3710 adjuncta
1116 3624 1222 3708 legem

130 3722 172 3786 ab
205 3723 372 3808 aequitate
397 3745 462 3787 non
488 3723 699 3788 mediocriter
732 3724 886 3788 recedere
919 3723 1103 3804 credimus,
1143 3732 1223 3786 tunc

130 3823 218 3885 enim
255 3820 458 3907 judicamus,
498 3843 610 3885 casum
643 3824 740 3886 istum
773 3846 827 3906 ,ex
856 3833 1072 3908 praesumpta
1102 3823 1222 3886 mente‘

129 3919 326 4003 legislatoris
361 3920 423 3984 sub
455 3919 527 4004 lege
558 3942 624 3984 non
658 3923 831 4003 contineri,
862 3921 895 3988 h.
928 3943 967 4002 e.,
1000 3919 1222 4005 legislatorem

131 4018 274 4082 noluisse
298 4017 404 4103 legem
430 4040 523 4083 suam
548 4041 586 4082 eo
611 4021 645 4082 in
659 4042 738 4085 casu
751 4018 922 4104 obligandi
941 4022 1009 4084 vim
1027 4019 1221 4102 exercere2).

220 4267 241 4336 ¹)
260 4267 317 4321 Lex
335 4267 442 4336 proprie
460 4282 564 4322 cessare
581 4267 688 4333 dicitur,
717 4284 798 4335 quum
817 4268 870 4323 fine
894 4269 965 4339 legis
990 4270 1140 4336 adaequato
1167 4285 1220 4325 ces-

127 4353 207 4402 sante
225 4348 270 4402 lex
287 4347 354 4416 ipsa,
382 4347 461 4416 quasi
478 4347 591 4402 subruto
610 4347 795 4413 fundamento,
822 4365 870 4417 per
888 4364 917 4403 aa
936 4351 1045 4404 corruit.
1133 4350 1156 4417 ²)
1175 4350 1221 4404 Vi-

127 4430 244 4483 deantur
262 4444 332 4495 quae
350 4429 384 4484 de
401 4429 539 4496 praesenti
558 4433 720 4498 argumento
740 4429 916 4484 disseruimus
941 4430 971 4484 in
999 4431 1138 4501 ,Disputat
1161 4447 1220 4486 aca-

127 4510 205 4568 dem‘
223 4509 314 4568 fascic.
334 4512 350 4565 5
369 4525 413 4579 pp.
434 4510 549 4564 76-77.

646 4619 702 4686 (37)
