3218 5446
362 568 501 638 Principia
520 569 700 626 constitutiva
718 571 891 642 tolerantiae,
909 587 955 627 nn.
973 573 1052 627 4-8.

156 748 437 833 quemadmodum
469 772 623 835 expresse
649 759 764 815 monet
786 750 832 836 gl.
857 752 899 816 ad
929 751 965 817 C.
997 751 1115 817 Omnis
1139 763 1250 816 autern

155 845 211 909 lex
233 847 264 911 4.
289 847 345 913 fin.
372 848 446 913 dist.
470 849 490 912 3
515 871 591 912 cum
615 848 780 914 similibus
802 849 923 934 locis¹).

245 945 290 1008 Et
319 947 376 1028 sic,
402 949 630 1033 comparativa
661 949 877 1033 permissione
902 971 990 1030 usus,
1015 957 1122 1012 rector
1150 950 1250 1013 socie-

156 1044 233 1106 tatis
257 1065 323 1108 non
339 1044 444 1109 solum
468 1067 523 1129 ,ex
547 1045 677 1110 duobus
701 1045 797 1110 malis
821 1048 931 1111 minus
955 1047 1026 1112 fieri
1043 1045 1172 1130 siniti),
1188 1047 1247 1114 sed

156 1140 323 1206 interdum
347 1145 448 1207 etiam
471 1164 542 1228 ,pro
567 1141 653 1207 bono
678 1146 771 1229 pacis
794 1143 906 1230 aliqua
921 1143 1048 1226 tolerat,
1065 1167 1150 1231 quae
1167 1145 1249 1209 alias

155 1238 469 1326 reprobarentur‘³):
496 1241 585 1327 quod
601 1242 691 1307 idem
707 1241 839 1306 Summi
854 1243 1036 1308 Pontifices
1051 1265 1150 1331 saepe
1167 1244 1250 1309 fece-

155 1347 244 1420 runt,
260 1347 306 1407 ut
329 1339 465 1404 infestas
489 1342 684 1405 vexationes
708 1339 750 1404 ab
775 1340 916 1405 ecclesia
939 1351 1137 1409 averterent.

245 1437 299 1502 Ex
323 1439 363 1501 iis
395 1438 449 1503 bic
473 1461 577 1504 unum
601 1438 778 1504 laudamus
806 1439 1028 1504 Benedictum
1056 1440 1126 1505 ΡΡ.
1155 1440 1248 1524 XIV,

157 1535 213 1621 qui
238 1534 281 1598 ad
304 1556 423 1620 graves
447 1539 689 1602 controversias
720 1539 807 1603 inter
830 1537 950 1602 Sedem
975 1539 1192 1625 apostolicam
1216 1548 1249 1603 et

156 1633 266 1698 aulam
281 1637 507 1702 taurinensem
520 1636 578 1701 diu
593 1638 735 1721 agitatas
759 1636 894 1700 tandem
912 1637 1086 1719 finiendas,
1108 1637 1248 1702 solemni

157 1735 378 1803 conventione
402 1756 478 1798 cum
501 1755 578 1818 rege
600 1734 790 1800 Sabandiae
815 1735 897 1798 inita
921 1756 1009 1798 anno
1037 1735 1133 1816 1741,
1162 1756 1247 1820 quae

157 1855 312 1918 expresse
337 1834 519 1898 concedere
543 1835 659 1919 potuit,
686 1855 762 1897 eum
785 1833 1026 1920 approbatione
1049 1831 1248 1920 permiste),

156 1953 241 2018 quae
266 1953 344 1996 vero
369 1953 435 1996 non
459 1933 575 2017 potuit,
601 1933 636 1996 in
659 1933 794 2017 propria
819 1933 1036 1996 instructione
1060 1931 1103 1996 ad
1128 1933 1250 2016 episco-

156 2050 216 2114 pos
229 2028 395 2095 sabaudos
412 2031 640 2094 circummissa
656 2052 744 2094 anno
762 2031 847 2094 1742
864 2030 970 2095 solum
987 2028 1120 2094 tolerari
1126 2028 1251 2117 poooal)

159 2127 387 2212 declaravit⁶):
413 2137 449 2192 ut
464 2130 634 2208 nimirum,
658 2133 826 2212 ,resecatis
841 2128 1052 2194 dissidiorum
1070 2131 1180 2202 ,causis
1196 2151 1250 2213 pa-

157 2228 271 2313 cisque
284 2229 419 2291 remotis
434 2226 682 2312 impedimentis
697 2226 850 2291 stabilem
867 2228 962 2291 istius
978 2226 1092 2314 populi
1104 2229 1249 2314 quietern

157 2334 190 2389 et
200 2325 472 2412 tranquillitatem
481 2325 712 2411 procuraretll,
729 2334 952 2411 opportunum
962 2325 1187 2407 ‚moderamen
1196 2325 1251 2388 ad-

156 2421 319 2506 hibuit‘t),
344 2433 381 2487 ut
403 2432 535 2509 praeter
558 2446 597 2488 ea
622 2446 707 2510 quae
731 2425 765 2488 in
791 2426 1014 2489 conventione
1033 2424 1250 2508 approbando

157 2532 374 2606 concesserat,
407 2521 473 2586 alia
501 2537 632 2608 quoque
668 2544 727 2608 per
751 2522 887 2586 modum
911 2524 1158 2608 comparativae
1181 2545 1251 2608 per·

159 2621 335 2704 missionis,
361 2622 443 2685 citra
467 2620 753 2706 approbationem,
789 2621 861 2685 fieri
889 2621 1061 2686 tolerando
1086 2622 1250 2702 sineret9).

164 2877 167 2884 .
184 2850 186 2852 ·
247 2817 277 2882 8.
301 2817 447 2882 Adversa
462 2817 577 2882 deiude
594 2815 761 2882 tolerando
778 2817 910 2894 ferimus
924 2818 1146 2905 patientum),
1164 2817 1196 2882 h.
1212 2841 1251 2899 e.,

157 2916 229 2979 sine
262 2917 385 2998 renisu,
417 2937 485 2980 non
517 2916 712 2996 resistendo,
746 2914 830 2979 nihil
864 2927 978 2980 contra
1010 2916 1191 2999 movendo,
1216 2927 1253 2980 ut

157 3013 240 3077 adeo
266 3013 455 3078 tolerantiae
483 3015 707 3099 conceptoria
729 3015 875 3100 papatioo
899 3017 1071 3080 consistat:
1097 3015 1252 3102 quemad-

247 3230 267 3301 1)
287 3230 418 3284 Rationes
437 3226 645 3295 ‚comparativae
664 3225 857 3297 permissionis‘
877 3228 971 3282 multis
990 3228 1127 3296 expositas
1148 3228 1209 3283 vide
1223 3229 1251 3282 in

157 3312 249 3382 glad
267 3312 298 3369 O.
317 3309 412 3365 Omnis
427 3315 519 3362 autem
537 3309 609 3364 lext
620 3308 665 3364 fin.
687 3308 751 3363 dist.
766 3312 791 3374 3,
810 3324 836 3366 v.
855 3308 1007 3379 permittit;
1027 3308 1061 3362 ad
1080 3309 1131 3364 CO.
1150 3309 1187 3362 Hi
1206 3309 1253 3376 qui

156 3395 182 3451 3.
202 3391 230 3450 (t.
249 3391 292 3458 26,
311 3393 336 3448 9.
356 3407 381 3458 q.
401 3391 431 3460 23
451 3394 479 3444 et
498 3387 526 3447 O.
547 3388 606 3442 Hac
623 3387 730 3442 ratione
748 3389 774 3453 9,
794 3388 824 3445 0.
844 3390 887 3453 31,
907 3404 931 3455 q.
952 3391 977 3444 1.
1051 3389 1074 3460 a)
1095 3388 1253 3447 Ofr.Oano·

156 3487 203 3528 nes
222 3473 268 3530 cit.
284 3472 333 3540 jot.
353 3471 382 3529 C.
403 3471 461 3524 Duo
480 3470 559 3540 mala,
583 3474 591 3523 1
615 3469 678 3524 dist
699 3470 741 3526 13.
827 3471 847 3540 Ι)
867 3470 895 3528 G.
915 3470 975 3525 Nisi
994 3477 1085 3526 essent
1103 3475 1146 3526 21.
1166 3473 1200 3529 X.
1219 3472 1253 3540 da

155 3553 298 3622 praebend.
314 3553 380 3621 jota.
400 3551 437 3620 gl.
529 3551 549 3613 ⁴)
568 3550 683 3604 Sistitur
700 3549 730 3604 in
749 3550 907 3606 collectione
926 3552 1099 3607 authentica:
1132 3551 1249 3617 ,Traites

155 3634 259 3702 publico
286 3633 319 3686 de
336 3633 364 3686 la
382 3631 474 3699 royale
491 3631 595 3684 maison
614 3630 647 3684 do
666 3631 763 3686 Savoio
782 3646 848 3685 avec
860 3631 899 3685 les
912 3633 1068 3701 puissances
1082 3634 1250 3701 etrangeres,

156 3714 260 3782 publiea
279 3712 415 3782 parordre
434 3711 470 3764 du
483 3710 531 3764 roi‘
551 3710 655 3778 (Turio,
667 3710 754 3781 1836),
774 3713 831 3782 tt,
850 3728 894 3780 pp.
906 3713 1056 3770 529-533.
1132 3713 1153 3782 ⁶)
1168 3712 1250 3779 ‚Altri

156 3795 216 3863 capi
248 3804 313 3849 sono
343 3793 412 3847 stati
443 3791 616 3861 individuati,
635 3789 676 3845 ne'
695 3791 770 3858 quali
788 3792 816 3845 la
834 3791 919 3846 Santa
937 3793 1004 3848 Sede
1023 3792 1180 3862 Apostolioa
1197 3809 1251 3847 non

156 3882 239 3944 puote
258 3874 306 3928 che
324 3871 541 3941 semplicamente
559 3871 703 3926 tolleme‘.
723 3873 768 3925 Ita
780 3872 883 3941 ,Projet
895 3873 1253 3928 d'accommodemententre

156 3955 182 4013 S.
201 3956 237 4012 M.
256 3955 282 4008 le
300 3953 340 4007 roi
359 3953 392 4007 de
410 3952 561 4020 Sardaigne
588 3957 618 4005 et
636 3952 671 4006 Sa
690 3951 814 4006 Saintett
840 3953 940 4007 Bonoit
959 3953 1036 4018 XIII,
1061 3954 1125 4010 ibid.
1145 3970 1170 4022 p.
1189 3955 1253 4009 420.

158 4037 180 4104 ⁶)
199 4035 334 4089 Insructio
352 4033 424 4098 haec,
444 4032 554 4100 propria
572 4030 658 4101 ipsius
678 4031 817 4086 Pontificis
836 4049 919 4088 manu
937 4040 1058 4106 exarata,
1087 4033 1204 4088 habetur
1222 4035 1251 4088 in

157 4115 250 4170 eadem
278 4113 436 4168 collectione
467 4113 583 4182 ,Traites
611 4112 723 4181 publics‘
753 4113 838 4167 citato
866 4119 939 4169 tomo
968 4118 992 4180 2,
1020 4131 1064 4183 pp.
1084 4116 1252 4173 ees-567.

159 4196 180 4266 Ι)
199 4195 232 4248 Id
250 4211 279 4249 se
298 4199 429 4264 acturum,
457 4194 622 4249 Benedictus
649 4194 702 4250 ΡΡ.
723 4194 788 4247 XIV
807 4200 891 4249 antea
915 4196 973 4263 jam
997 4195 1159 4265 promiserat
1184 4197 1253 4264 regi.

158 4276 179 4344 ⁸)
192 4276 231 4330 De
239 4273 366 4344 prudenti
377 4275 566 4344 ,moderamine
576 4274 605 4328 in
615 4275 765 4330 tolerantia
774 4276 933 4330 adhibendo‘
944 4277 992 4334 cfr.
1004 4277 1032 4334 0.
1044 4277 1103 4332 Nisi
1111 4283 1203 4331 essent
1211 4280 1252 4331 21.

157 4355 190 4412 X.
210 4357 242 4410 de
262 4355 405 4423 praebend.
426 4355 487 4422 (ΙΙΙ,
507 4357 543 4422 b).
637 4355 658 4422 ⁹)
678 4356 837 4425 Exemplum
862 4357 909 4422 rei,
936 4372 1015 4423 quam
1034 4373 1082 4425 per
1100 4373 1160 4411 eam
1178 4373 1252 4412 occa·

157 4437 259 4492 sionem
278 4437 401 4491 Summus
413 4434 543 4490 Pontifex
556 4436 724 4490 tolerabilem
737 4443 847 4491 tantum
865 4437 1023 4503 declaravit,
1041 4438 1168 4492 sistemus
1180 4437 1253 4492 infra

157 4533 184 4575 n.
203 4517 247 4574 43.
343 4516 375 4586 ¹⁰)
394 4517 427 4570 In
446 4516 620 4572 describenda
638 4517 802 4572 tolerantiae
830 4523 933 4582 natura
956 4533 1021 4586 prae
1041 4517 1156 4573 caeteris
1174 4533 1252 4586 syno·

686 4623 724 4695 (5)
