3218 5446
643 579 680 636 11.
700 581 741 636 De
759 580 911 636 rationibus
930 579 1032 634 decreti
1051 579 1213 636 tolerantiae

379 691 619 702 -ῳ--ι-α-ι-ι

377 763 529 826 rescissio
565 761 728 848 majorum
767 761 860 825 lieret
892 781 993 825 causa
1024 761 1186 825 malorum
1222 761 1257 824 in
1286 760 1482 846 republica,

376 857 546 943 legislator
576 859 621 942 id,
646 859 824 945 prudentia
847 858 943 936 duce,
974 856 1064 922 nulla
1089 858 1205 923 habita
1236 859 1364 922 ratione
1389 858 1485 923 desi·

379 957 463 1023 derii
493 968 550 1023 aut
574 958 755 1022 voluntatis
790 959 934 1022 auctoris
965 957 1055 1038 facti,
1084 954 1156 1041 jam
1189 954 1329 1020 tolerare
1362 956 1485 1040 debet,

379 1058 594 1143 quantumvis
617 1054 695 1120 licet
718 1054 801 1120 illud
819 1055 1033 1141 judicio-suo
1057 1075 1123 1118 non
1149 1052 1307 1139 probet¹).

467 1155 578 1240 Atque
602 1157 698 1219 tertia
721 1155 804 1219 hacc
827 1153 963 1219 licentia
980 1152 1199 1217 violatoribus
1218 1153 1306 1238 juris
1322 1173 1380 1239 per
1396 1152 1483 1218 tole-

378 1255 521 1317 rantiam
546 1253 645 1335 facta,
670 1251 714 1318 ad
738 1251 810 1317 illos
835 1263 930 1316 actus
954 1252 1107 1337 pertinet,
1140 1252 1197 1337 qui
1229 1272 1288 1316 suo
1320 1260 1409 1316 certo
1435 1275 1484 1316 ac

378 1353 511 1437 proprio
536 1350 698 1416 vocabulo
723 1350 935 1437 appellantur
959 1358 1064 1433 ,actus
1088 1350 1238 1433 negativi
1258 1357 1414 1414 sonantes
1442 1351 1482 1414 in

380 1451 469 1534 pati‘.
515 1449 689 1536 Ejusmodi
727 1459 804 1513 actu
836 1449 993 1533 negativo
1028 1448 1131 1530 igitur
1173 1469 1275 1533 quum
1307 1445 1485 1531 legislator

379 1547 516 1632 impune
540 1547 611 1610 fieri
636 1548 724 1628 sinit,
750 1569 836 1632 quae
858 1545 989 1632 legibus
1014 1546 1118 1610 vetita
1150 1555 1237 1628 sunt,
1262 1567 1301 1609 ea
1320 1545 1390 1631 jam
1416 1568 1485 1631 per

379 1644 585 1708 voluntatem
619 1666 713 1708 suam
738 1645 904 1731 impunita
929 1644 1074 1730 indeque
1098 1643 1283 1709 secundum
1306 1644 1483 1709 licentiam

380 1745 627 1829 comparativae
651 1744 878 1828 permissionis
901 1743 993 1807 licita
1018 1740 1201 1825 declarat¹).
1231 1741 1396 1827 Exempla
1421 1741 1483 1806 hic

380 1863 446 1904 nou
470 1842 678 1926 proferimus,
703 1843 780 1926 quia
805 1864 919 1908 omues
952 1839 1148 1905 tolerantiae
1182 1863 1278 1904 casus
1302 1840 1483 1927 hucusque

378 1938 447 2025 jam
472 1937 608 2002 adducti
646 1948 744 2024 atque
780 1963 876 2026 porro
912 1938 1104 2004 adducendi
1140 1938 1280 2003 eandem
1318 1938 1482 2004 licentiae

380 2038 525 2122 speciem
550 2037 724 2102 illustrant.

628 2236 784 2300 Exempla
803 2251 843 2289 ex
861 2237 1078 2288 decretalibus
1097 2236 1225 2288 selecta.

469 2395 522 2460 34.
540 2395 578 2459 In
593 2395 843 2461 collectionibus
855 2394 1071 2460 decretalium
1088 2394 1184 2481 plura
1199 2394 1335 2481 quidem
1354 2399 1482 2481 reperi·

381 2502 490 2575 untur,
515 2514 600 2578 quae
616 2495 781 2580 praesenti
798 2503 993 2579 argumento
1014 2493 1209 2558 illustrando
1225 2495 1480 2560 accommodari

475 2673 495 2740 ¹)
508 2672 558 2726 Est
567 2687 633 2726 sane
643 2672 714 2738 quod
725 2671 839 2735 mireris,
852 2670 1058 2739 inephemeride
1070 2671 1282 2737 ,L'osservatore
1291 2676 1411 2727 romano‘
1422 2689 1481 2729 non

383 2753 495 2808 obscure
512 2753 680 2807 insinuatam
698 2751 783 2806 luisse
808 2752 958 2807 doctrinam
978 2753 1013 2820 (d.
1033 2753 1076 2810 31.
1095 2752 1162 2820 Maji
1182 2753 1271 2824 1892),
1290 2769 1323 2808 ex
1342 2769 1381 2818 eo,
1407 2755 1482 2821 quod

383 2833 526 2901 legislator
539 2834 641 2888 factum
654 2849 708 2887 uon
726 2832 901 2887 rescindendo
914 2833 1052 2901 patienter
1064 2833 1171 2898 toleret,
1190 2847 1272 2901 quum
1281 2838 1374 2887 tamen
1383 2840 1483 2888 auctor

383 2913 451 2969 iacti
470 2914 553 2968 etiam
571 2914 767 2982 improbatione
786 2918 930 2968 contentus
958 2913 1064 2980 luisset,
1089 2914 1184 2969 deduci
1210 2914 1313 2981 debere,
1339 2915 1396 2970 tale
1424 2915 1482 2970 fac·

383 2999 450 3059 turn,
475 2994 552 3049 inse
574 2999 728 3062 spectatum
746 2994 904 3048 nullatenus
927 2994 981 3049 dici
1007 3010 1085 3062 posse
1103 2993 1285 3063 vituperabile
1313 3011 1344 3050 ac
1368 2996 1482 3050 damno·

383 3090 457 3130 sum:
482 3078 613 3141 tanquam
637 3075 662 3129 si
685 3074 834 3129 identidem
858 3090 912 3128 non
942 3074 1074 3140 eveniret,
1104 3080 1137 3128 ut
1160 3075 1305 3144 legislator
1335 3091 1383 3144 per
1417 3075 1481 3144 ipsa

383 3169 473 3208 rerum
486 3154 615 3224 adjuncta
626 3160 748 3224 cogatur,
762 3153 864 3208 tactum
881 3159 946 3209 utut
958 3155 1139 3221 inhonestum,
1152 3155 1234 3211 semel
1247 3161 1337 3210 tamen
1351 3156 1480 3225 positum,

383 3249 417 3288 ex
434 3235 596 3301 prudentiae
615 3234 719 3304 regulis
738 3235 863 3300 tolerare,
882 3251 924 3298 ‚ne
943 3235 1054 3301 scilicet,
1073 3251 1103 3289 eo
1131 3235 1248 3301 sublato,
1275 3236 1378 3305 majora
1406 3236 1480 3292 bona

382 3314 523 3379 tollantur,
532 3314 577 3368 vel
590 3315 672 3369 etiam
685 3316 779 3384 pejora
797 3315 869 3369 mala
878 3319 1035 3381 sequautur‘
1048 3315 1078 3384 (s.
1091 3315 1184 3377 Tiom,
1199 3318 1224 3370 2.
1238 3318 1262 3373 2.
1283 3332 1307 3382 q.
1323 3318 1364 3374 10.
1383 3321 1480 3385 alo).
1517 3348 1519 3351 -

383 3395 404 3464 ²)
424 3393 499 3461 Quod
508 3394 671 3450 clarissimus
682 3397 713 3452 D.
726 3395 795 3464 prof.
806 3395 968 3462 Bouquillon
987 3396 1149 3463 persuadere
1167 3396 1269 3451 nititur
1281 3397 1310 3450 in
1323 3397 1390 3451 New
1400 3396 1481 3450 York

382 3475 537 3528 Freeman‘s
558 3475 681 3547 Journal,
707 3477 731 3533 d.
751 3478 776 3533 4.
790 3475 869 3530 Junii
887 3475 964 3542 1892,
987 3475 1145 3533 formulam:
1166 3477 1286 3542 ,tolerari
1299 3482 1405 3544 potest‘,
1425 3493 1482 3546 qna

381 3556 519 3608 decretum
537 3555 700 3610 tolerantiae
709 3555 887 3610 communiter
897 3561 1055 3624 conceptum
1063 3560 1114 3628 est,
1133 3557 1254 3626 ejusdem
1267 3573 1325 3613 esse
1337 3557 1477 3626 significa·

381 3635 464 3688 tionis
483 3651 514 3688 ac
531 3634 643 3690 verbum
668 3637 760 3703 ,licet‘‚
785 3637 813 3690 id
832 3651 926 3703 verum
951 3651 1009 3690 esse
1028 3643 1115 3705 patet,
1140 3639 1164 3691 si
1187 3636 1300 3692 verbum
1323 3638 1409 3704 ,licet‘
1427 3654 1477 3706 pro

380 3715 478 3769 ultima
495 3715 547 3770 hac
564 3717 766 3784 comparativae
783 3716 967 3784 permissionis
995 3716 1108 3771 licentia
1126 3723 1259 3784 sumatur,
1288 3734 1342 3787 qua
1361 3734 1393 3773 ea
1411 3733 1478 3785 quo·

381 3811 432 3862 qne
451 3796 550 3861 ‚licere‘
567 3796 702 3863 dicuntur,
723 3813 792 3863 quae
810 3795 912 3850 virtuti
930 3802 959 3851 et
977 3796 1115 3852 honestati
1135 3814 1188 3853 non
1208 3813 1400 3866 usquequaque
1412 3814 1479 3854 con·

381 3875 504 3932 veniunt.
542 3875 568 3929 si
588 3881 680 3931 autem
697 3877 858 3944 synonymia
877 3877 1053 3932 terminorum
1072 3878 1206 3950 (tolerari
1225 3883 1325 3946 potest‘
1343 3885 1372 3932 et
1384 3879 1480 3950 ,licet‘)

380 3956 533 4024 generatim
552 3963 719 4012 assereretur
738 3961 820 4023 atque
839 3957 976 4012 etiamad
995 3959 1061 4013 duas
1089 3960 1193 4026 priores
1220 3958 1350 4014 licentiae
1374 3961 1479 4028 species

381 4037 580 4105 extenderetur,
599 4039 673 4092 acsi
692 4038 727 4104 id,
747 4039 818 4104 quod
835 4037 959 4104 ,tolerari
977 4043 1065 4107 posse‘
1084 4039 1192 4106 dicitur,
1213 4056 1244 4094 eo
1263 4041 1321 4109 ipso
1334 4047 1480 4096 censeatur

379 4117 486 4171 licitum
503 4119 562 4174 sive
578 4118 692 4172 licentia
715 4117 918 4187 approbationis
943 4119 1001 4174 sive
1026 4119 1139 4174 licentia
1164 4121 1383 4188 dispensationis,
1412 4127 1481 4176 tunc

380 4196 517 4252 enimvero
545 4203 616 4252 esset
643 4199 751 4252 omnino
778 4199 954 4266 improbanda
987 4215 1019 4254 ac
1043 4201 1198 4272 rejicienda,
1228 4217 1310 4269 quum
1328 4201 1480 4258 tolerantia

380 4278 487 4345 proprie
505 4279 579 4332 dicta
598 4277 690 4333 ambas
715 4279 784 4333 istas
806 4279 936 4334 licentiae
960 4281 1063 4348 species
1082 4282 1225 4336 excludat:
1252 4283 1372 4351 seposita
1395 4283 1480 4339 etiam

380 4357 622 4424 animadversione,
641 4359 774 4413 asaeculo
792 4375 846 4413 non
866 4375 924 4414 esse
943 4361 1075 4428 auditum,
1094 4361 1124 4415 in
1136 4361 1220 4416 sacris
1233 4361 1351 4417 romanis
1364 4379 1480 4432 cougre-

379 4439 538 4506 gationibus
565 4439 707 4493 licentiam
732 4439 790 4493 sive
815 4440 1018 4509 approbationis
1042 4441 1100 4496 sive
1124 4441 1335 4510 dispensationis
1359 4457 1480 4510 unquam

380 4517 464 4572 fuisse
482 4533 530 4586 per
548 4519 663 4587 simplex
681 4520 819 4574 decretum
837 4519 1002 4574 tolerantiae
1020 4521 1130 4579 factam.

898 4627 957 4698 (23)
