3218 5446
707 551 789 620 1.,Βο
807 557 906 605 natura
926 550 1097 606 tolerantiae.

356 732 492 797 modum
507 733 588 797 scite
605 732 843 796 animadvertit
866 732 991 798 bimus.
1018 732 1130 800 Card.
1156 731 1346 816 Zigliara,
1376 735 1439 799 aa

352 831 548 918 praedocti.
574 832 603 908 2,
630 854 656 894 c.
684 830 735 896 16.

447 929 541 1010 Quae
565 929 700 1016 quidem
725 931 814 994 notio
839 939 908 994 tum
938 951 981 992 ex
1005 931 1139 1016 propria
1164 931 1256 994 vocis
1283 931 1450 1015 significa·

356 1031 446 1094 tione
469 1027 567 1094 facile
591 1031 727 1110 eruitur,
752 1038 824 1092 tum
848 1051 890 1092 ex
908 1028 1057 1115 juridica
1081 1029 1153 1116 ejus
1177 1030 1372 1114 acceptione
1386 1028 1450 1114 ple-

356 1129 432 1204 nius
456 1127 679 1193 confirmatur.

446 1227 477 1291 9.
501 1228 545 1291 Et
569 1227 718 1290 nativam
742 1226 1020 1311 significationem
1045 1226 1134 1313 quod
1156 1228 1283 1309 attinet,
1309 1226 1450 1291 verbum

358 1326 571 1389 transitivum
588 1321 695 1406 tolero,
713 1326 765 1388 cui
783 1324 920 1388 evidens
932 1334 981 1387 est
989 1327 1126 1409 originis
1141 1347 1180 1389 ac
1196 1325 1449 1408 significationis

357 1424 484 1487 vicinia
496 1445 570 1487 cum
584 1422 670 1501 tollo,
687 1424 722 1486 vi
731 1423 823 1486 vocis
835 1431 982 1508 spectata
993 1422 1077 1487 nihil
1089 1422 1178 1487 aliud
1196 1432 1254 1504 est,
1267 1444 1366 1508 quam
1375 1423 1452 1507 ficri

356 1524 427 1585 sirio
441 1524 660 1608 patienterque
670 1520 747 1606 foro
768 1521 813 1603 id,
832 1521 1099 1606 quodingratum
1112 1532 1161 1585 est
1180 1532 1211 1585 et
1223 1521 1347 1585 malum
1362 1521 1451 1586 vidc-

357 1620 454 1702 tur¹);
479 1630 511 1684 et
541 1620 620 1684 licet
638 1618 721 1683 illud
742 1619 943 1706 quandoque
968 1641 1010 1683 ex
1032 1619 1193 1704 gravibus
1217 1623 1325 1684 causis
1349 1623 1449 1685 etiam

357 1739 511 1802 expresse
547 1740 613 1782 non
644 1727 870 1803 repugnanter
903 1718 1129 1799 admittamus,
1170 1718 1343 1784 tolerantia
1378 1722 1450 1806 ipsa

356 1825 478 1899 tamen,
503 1816 684 1881 formaliter
707 1827 849 1902 sumpta,
874 1838 1008 1902 semper
1025 1817 1060 1880 ia
1076 1819 1218 1902 raspatioo
1236 1819 1380 1881 consistit
1403 1827 1450 1882 at·

358 1936 422 2000 que
446 1914 554 1978 aliena
579 1915 621 1979 ab
638 1918 728 1980 omni
744 1914 984 2000 approbatione
1001 1915 1144 1980 dicenda
1164 1917 1252 2001 aad).

448 2013 499 2079 10.
538 2013 739 2098 Negativum
771 2013 861 2078 hunc
891 2013 1085 2079 tolerantiae
1116 2024 1313 2100 conceptum
1344 2017 1445 2080 omni-

356 2133 544 2197 genumque
574 2111 823 2196 approbationis
852 2112 1018 2177 defectum
1043 2135 1085 2177 ex
1102 2123 1220 2176 natura
1240 2114 1333 2178 vocis
1349 2116 1447 2199 signi-

357 2210 512 2273 ficatione
543 2220 733 2274 manantem
757 2233 836 2274 usus
860 2213 1004 2276 nominis
1014 2210 1181 2298 juridicus
1197 2232 1328 2298 quoque
1345 2214 1449 2276 mani-

356 2308 476 2373 festum
501 2317 533 2372 et
557 2318 746 2394 promptum
764 2309 854 2391 facit,
880 2332 983 2395 quum
1005 2312 1155 2375 unanimi
1171 2312 1343 2396 utriusque
1363 2311 1449 2397 juris

357 2407 537 2491 peritorum
563 2409 726 2471 sententia
750 2406 924 2471 tolerantia
949 2408 1135 2492 degenere
1159 2407 1289 2472 illorum
1313 2419 1449 2473 actuum

358 2505 409 2587 sit,
434 2506 490 2590 qui
512 2517 641 2584 ,soaaat
664 2507 699 2570 ia
716 2507 793 2592 pati
816 2516 845 2568 et
867 2507 1008 2592 capatioi
1030 2510 1128 2571 aaat‘:
1153 2515 1186 2570 et
1209 2506 1331 2594 quibus
1345 2508 1448 2571 omni·

358 2602 419 2667 bus
443 2604 478 2667 id
502 2626 677 2668 commune
701 2613 760 2689 est,
785 2613 821 2667 ut
844 2603 928 2667 nihil
952 2606 1088 2690 positivi
1113 2605 1267 2671 inferant.

446 2746 495 2810 Eo
524 2749 558 2810 in
583 2755 778 2831 argumento
811 2747 1045 2832 pertractando
1076 2748 1140 2813 Icti
1173 2759 1266 2814 actus
1299 2751 1333 2815 in
1366 2750 1449 2815 duas

357 2843 477 2909 classes
510 2845 735 2929 distinguunt:
761 2847 795 2910 in
820 2855 914 2910 actus
937 2858 1097 2929 ,sonantes
1116 2850 1152 2912 ia
1163 2849 1288 2935 pati‘³)‚
1314 2851 1371 2935 qui
1396 2854 1449 2914 vo-

355 2953 472 3008 cantur
495 2945 643 3030 aapatiri,
669 2947 759 3009 etin
783 2953 878 3008 actus
901 2957 1063 3027 ‚soccatos
1086 2949 1120 3012 ia
1145 2950 1259 3033 apera‘,
1291 2949 1449 3034 quisunt

351 3043 495 3128 positivi.

354 3205 443 3273 nymis
461 3204 544 3258 dictio
563 3202 629 3256 haee
650 3202 748 3271 placet,
778 3202 848 3270 quod
870 3203 968 3258 Festus
990 3204 1047 3272 jam
1064 3205 1204 3270 ,roraare‘
1230 3221 1279 3274 per
1296 3209 1447 3275 ,patienter

355 3287 439 3352 farre‘
458 3285 626 3352 explicasset,
657 3283 702 3336 uti
720 3283 813 3338 videre
840 3289 882 3338 est
906 3285 936 3338 in
960 3285 1018 3353 ejus
1043 3283 1207 3353 fragmentis
1232 3287 1304 3355 apud
1328 3287 1447 3342 Paulum

355 3367 504 3421 Diaconum
523 3366 628 3435 (Migne
648 3364 722 3422 Patr.
742 3363 791 3422 lat,
810 3368 831 3421 t.
850 3364 893 3430 95,
912 3381 938 3433 p.
960 3365 1049 3434 1688).

445 3455 465 3523 ι)
484 3455 586 3508 Doctus
604 3453 721 3521 scriptor
739 3454 914 3520 americanus,
939 3455 986 3522 qui
1010 3455 1130 3510 rationes
1150 3456 1252 3511 decreti
1277 3459 1448 3524 tolerantiae,

354 3539 483 3590 consueta
500 3535 590 3588 forma·
615 3535 752 3600 ‚Tolerari
766 3539 869 3602 potest‘
894 3535 970 3598 editi,
997 3535 1145 3605 diligenter
1169 3538 1299 3607 expendit
1326 3539 1355 3593 in
1379 3541 1448 3594 actis

352 3614 514 3682 theologicis
534 3614 686 3680 ‚American
701 3614 888 3669 Ecclesiasical
906 3616 1027 3671 Review‘
1046 3617 1128 3686 (June
1142 3619 1166 3684 2,
1181 3618 1259 3685 1892,
1275 3619 1447 3688 supplemen-

353 3700 416 3763 tary
441 3697 524 3760 issue,
551 3711 577 3762 p.
598 3696 634 3761 7),
665 3701 738 3750 recte
762 3696 965 3762 animadvertit,
996 3697 1109 3752 verbum
1137 3701 1222 3754 tolero
1254 3701 1372 3768 cJusdem
1397 3693 1448 3756 ori·

352 3777 426 3846 ginis
445 3791 503 3830 esse
523 3791 582 3829 eum
600 3791 699 3844 graeco
718 3775 797 3842 raso,
816 3776 923 3844 suffero,
950 3778 1080 3840 sustineo,
1103 3779 1201 3846 patior,
1221 3781 1360 3849 patienter
1378 3781 1444 3838 fero.

352 3857 444 3910 Altius
462 3857 515 3910 imo
541 3855 685 3910 ascendere
712 3857 854 3924 potuisset,
886 3857 990 3912 scilicet
1015 3860 1049 3912 ad
1073 3859 1191 3914 radicem
1220 3862 1381 3916 sanseritam
1407 3865 1448 3918 tat

351 3937 423 3990 unde
442 3938 482 3990 tot
500 3936 558 3990 sive
578 3938 627 4003 tat,
648 3953 665 3990 a
683 3952 735 4003 quo
754 3937 935 4005 praeteritum
954 3941 1008 3992 tati
1026 3940 1066 4009 (et
1084 3953 1169 4008 germ.
1190 3942 1301 4008 daldae,
1322 3942 1446 4014 Geduld).

352 4017 404 4072 Sed
435 4031 467 4070 ea
498 4017 530 4070 de
556 4032 585 4070 rs
612 4017 712 4072 videsis
743 4017 839 4086 Fiek,
877 4019 1057 4073 Wo'rterbacio
1089 4022 1138 4074 ater
1168 4023 1446 4092 iadoperooaaisctea

351 4097 502 4166 Spraeiaea,
522 4101 542 4152 t.
562 4099 587 4163 2,
607 4114 631 4165 p.
652 4097 717 4152 edit.
736 4099 762 4156 3.
854 4099 875 4167 ²)
896 4101 1034 4162 ‚Tolerare
1052 4116 1107 4153 non
1126 4105 1169 4154 est
1187 4105 1342 4171 approbare
1360 4119 1447 4172 neque

351 4178 517 4246 simpliciter
533 4181 710 4246 permitteret
748 4179 793 4232 Ita
819 4179 882 4235 Em.
903 4179 1001 4236 Oard.
1021 4180 1199 4250 Zigliara,
1226 4184 1341 4238 Samma
1356 4188 1446 4254 pitito-

350 4259 473 4326 aoptiaa,
480 4257 551 4325 juris
561 4262 677 4312 naturae
695 4258 712 4316 l.
724 4261 748 4325 2,
760 4263 811 4315 art.
822 4261 839 4312 2
850 4276 876 4316 n.
888 4260 911 4316 6.
1005 4259 1026 4330 8)
1045 4261 1091 4314 ita
1110 4266 1200 4316 actum
1221 4265 1383 4333 negativum
1402 4267 1447 4320 de·

351 4336 446 4390 scribit
474 4337 587 4392 Abbas
612 4353 661 4392 seu
685 4338 963 4404 Panormitanus
991 4341 1020 4394 in
1046 4341 1118 4396 Gom.
1138 4343 1173 4395 ad
1192 4343 1220 4400 O.
1236 4345 1355 4400 Veniens
1374 4349 1391 4401 5
1412 4348 1445 4403 X.

351 4417 383 4470 dc
406 4416 470 4471 liliis
498 4417 716 4485 presbyterorum
735 4419 767 4488 (Ι,
789 4421 849 4490 17);
869 4420 930 4474 aliis
949 4421 1050 4474 dicitur
1073 4427 1159 4488 actus,
1184 4423 1240 4490 ,qui
1259 4430 1309 4492 est,
1331 4426 1373 4480 vel
1399 4427 1445 4494 qui

350 4497 476 4552 consistit
494 4497 523 4551 in
542 4499 600 4565 pati
619 4499 715 4552 autin
734 4499 879 4566 patiendo,
899 4505 931 4553 ut
951 4516 984 4554 ex
997 4517 1057 4554 mox
1077 4501 1222 4557 afferendis
1240 4505 1354 4575 patebit.

880 4609 916 4683 (6)
