3218 5446
354 560 387 598 ex
402 544 464 612 jure
483 543 660 598 decretalium
672 541 829 610 patefactis,
848 558 892 596 nn.
905 542 1018 594 37—38.

139 656 379 667 *κῃ-*Μ

138 724 196 789 alii
221 727 311 789 cives
336 747 460 808 omnes,
486 724 642 806 habeant,
668 745 709 788 ex
720 723 796 808 jure
813 722 974 786 canonico
990 729 1102 783 tamen
1116 717 1233 782 solum·

138 823 236 887 modo
261 823 478 905 toleruator¹).
512 824 658 887 Tantum
682 841 761 885 vero
794 818 899 900 abest,
932 827 968 881 ut
992 842 1034 882 ex
1057 817 1232 881 tolerantia

138 943 383 1006 synagogarum
424 920 620 1008 approbatio
646 919 806 1006 judaicae
839 919 1084 1003 superstitionis
1117 915 1233 980 inferri-

138 1022 252 1106 possit,
289 1029 325 1083 u't
348 1021 414 1083 imo
439 1042 594 1105 expresse
632 1020 772 1099 dicatur,
806 1007 907 1102 ,quod
940 1007 1238 1080 tolerantiahaec

136 1119 275 1184 Judaeis
301 1141 366 1183 uon
383 1116 440 1181 dat
456 1117 624 1182 licentiam
641 1116 815 1204 peccandi‘
827 1118 923 1180 'ritus
941 1137 1016 1178 suos
1033 1113 1230 1194 exercend0,

138 1216 323 1283 sedsolam
347 1216 579 1282 liberationem
603 1237 755 1300 apoena,
789 1214 832 1279 ad
856 1213 1110 1286 similitudinem
1128 1235 1230 1284 ,cano-

138 1317 189 1380 nis
213 1317 368 1401 Denique
392 1315 447 1381 fin.
474 1313 549 1379 dist.
569 1315 630 1396 42).
733 1351 735 1355 ·
1085 1380 1088 1384 ,

227 1414 310 1500 Ejus
334 1425 446 1482 autem
470 1413 663 1477 tolerantiae
688 1413 847 1476 ecclesiae
873 1411 935 1474 hae
950 1413 1042 1474 visae
1061 1420 1138 1474 sunt
1160 1432 1232 1495 pro·

138 1510 266 1576 babilas
290 1514 448 1576 rationes:
486 1514 514 1576 1.
540 1511 628 1598 quod
652 1511 754 1575 iidem
778 1511 989 1581 tenacissime
1022 1508 1231 1576 inhaerentes

138 1612 309 1696 scripturis
334 1612 455 1674 veteris
480 1611 679 1692 testamenti,
705 1633 788 1696 quas
812 1633 837 1681 a,
847 1608 998 1695 patribus
1021 1618 1230 1693 acceperunt,

135 1717 308 1795 ,tanquam
333 1711 474 1795 capsarii
499 1711 601 1773 nostri
631 1708 728 1773 nobis
761 1710 919 1786 serviant,
957 1717 989 1771 et
1021 1705 1231 1770 studentibus

137 1808 234 1872 nobis
258 1808 389 1872 codices
413 1817 557 1893 portent3
583 1809 662 1893 quia
687 1830 730 1870 ex
754 1829 866 1871 eorum
892 1805 1064 1872 codicibus
1089 1815 1121 1869 et
1141 1807 1229 1890 ipsos

138 1906 397 1988 convincimus³)
421 1916 454 1969 et
477 1905 654 1990 infideles,
689 1907 811 1969 etenim
836 1905 970 1992 quaudo
995 1906 1125 1988 agimus
1154 1925 1228 1967 cum

138 2007 285 2090 paganis,
327 2014 359 2068 et
391 2003 605 2086 ostendimus,
639 2005 701 2068 hoc
735 2005 870 2068 evenire
895 2003 992 2068 modo
1025 2004 1059 2068 in
1092 2003 1231 2066 ecclesia

138 2103 271 2181 Christi,
297 2102 384 2187 quod
400 2111 497 2186 antea
513 2103 721 2187 praedictum
747 2113 804 2186 est,
830 2126 871 2166 ne
887 2111 1005 2188 putent
1021 2123 1080 2166 nos
1094 2101 1237 2171 finxisse.

138 2201 210 2265 illas
243 2200 500 2285 praedictiones,
541 2201 738 2286 proferimus
773 2202 905 2266 codices
929 2201 1151 2284 Judaeorum3
1176 2202 1229 2283 ,de

138 2299 261 2367 chartis
285 2298 411 2369 inimici
438 2300 649 2364 convincitur
667 2299 950 2382 .adversarius‘4)3
982 2301 1012 2366 2.
1038 2300 1126 2386 quod
1156 2302 1229 2385 ipsa

137 2399 335 2482 calamitate,
367 2406 399 2461 et
423 2400 584 2462 caecitate
608 2421 676 2482 sua,
712 2421 797 2484 quae
821 2400 1030 2485 apertissime
1059 2399 1230 2482 praedicta

137 2498 243 2562 estin
267 2496 360 2560 libris
385 2497 497 2577 sacris,
523 2520 605 2582 quos
630 2506 752 2580 teuent,
777 2509 975 2584 perpetuum
1000 2507 1032 2561 et
1057 2497 1229 2581 irrefraga-

138 2595 202 2660 bile
220 2595 445 2658 testimonium
463 2593 593 2661 Christo
619 2606 650 2660 ct
674 2595 833 2660 ecclesiae
858 2596 1070 2682 perhibeant3
1095 2597 1125 2662 3.
1140 2597 1228 2683 quod

135 2695 314 2780 aliquando
341 2695 557 2758 convertendi
581 2697 648 2760 sint
680 2695 721 2759 ad
748 2697 847 2760 fidem
872 2696 1100 2778 christianam,
1127 2703 1162 2758 ut
1186 2717 1228 2758 ex

136 2792 274 2857 Judaeis
298 2802 330 2856 ct
352 2790 509 2876 gentibus
533 2793 590 2858 fiat
614 2817 717 2858 unum
743 2794 839 2877 ovile,
865 2805 896 2857 et
922 2817 1006 2858 unus
1032 2803 1151 2878 pastor.

225 2891 286 2954 Est
309 2909 385 2974 ergo
409 2893 581 2976 permissio
606 2893 766 2974 ,culturae
790 2893 914 2974 ritus‘5)
941 2894 1076 2956 mosaici
1093 2891 1229 2976 ejusque

136 2989 293 3074 legalium
325 2987 663 3074 ,observantiarum‘⁶)
688 3014 767 3055 vera
796 3014 836 3054 ac
868 2993 1015 3076 genuina
1042 2989 1228 3072 tolerantia,

136 3095 238 3174 quam
262 3085 401 3150 ecclesia
434 3109 476 3150 ex
495 3088 595 3173 jastis
626 3089 840 3176 probatisque
872 3088 1057 3157 rationibus
1089 3087 1228 3153 Judaeis

137 3187 220 3250 citra
243 3206 375 3248 omnem
399 3186 673 3271 approbationem
699 3188 820 3252 debitis
845 3211 920 3252 cum
937 3185 1149 3252 cautionibus
1173 3209 1228 3270 pa-

134 3285 255 3350 tienter
277 3279 436 3347 adhibere
459 3287 641 3350 consuevit.

228 3533 248 3603 ¹)
268 3531 323 3590 Ofr.
344 3532 372 3589 Ο.
393 3532 537 3588 Consuluit
547 3536 572 3590 l.
591 3535 624 3589 de
642 3535 755 3590 Judaeis
776 3537 820 3607 (V,
831 3539 867 3606 5).
933 3537 963 3606 ²).
980 3536 1007 3592 Ο.
1023 3535 1074 3602 Qui
1084 3534 1191 3596 sincera
1204 3535 1227 3599 3,

134 3612 198 3669 dist.
217 3613 253 3667 45
267 3612 335 3680 jota.
354 3612 392 3681 gl.
484 3613 505 3683 3)
525 3615 676 3684 ‚Agendum
703 3620 752 3682 est,
780 3622 813 3671 ut
831 3617 937 3671 ratione
964 3621 993 3671 et
1020 3615 1228 3670 mansuetudine

107 3705 108 3708 ’
135 3693 276 3762 provocati
289 3693 408 3764 (Judaei)
427 3694 503 3760 sequi
522 3711 570 3748 nos
589 3697 684 3760 velint,
702 3713 755 3750 non
772 3696 880 3766 fugere:
900 3703 932 3752 ut
951 3714 1002 3762 eos,
1022 3713 1056 3750 ccc
1072 3713 1166 3750 aarum
1186 3711 1227 3748 co·

135 3776 243 3828 dicbus
263 3777 439 3842 ,ostendentes
457 3784 527 3842 qaae
547 3777 673 3842 dicimus,
693 3777 727 3830 ed
745 3777 833 3832 sinum
852 3779 948 3832 matris
961 3777 1088 3833 ecclesiae
1101 3777 1156 3830 Deo
1168 3791 1227 3842 pos·

134 3855 217 3909 simus
242 3855 393 3910 auxiliante
418 3859 593 3912 converteret
619 3856 665 3910 Ita
684 3857 712 3914 O.
732 3856 784 3924 Qui
802 3857 908 3911 sincera
926 3859 971 3917 cit,
992 3858 1024 3930 (s¹
1039 3857 1151 3925 Gregor,
1171 3848 1226 3922 Μζ),

135 3934 159 4005 ⁴)
178 3935 224 3988 Ita
243 3951 264 3991 s.
277 3937 424 4004 August.
444 3936 581 3992 morrei.
601 3937 632 3990 ia
646 3939 749 4005 psalm.
768 3942 811 4010 40,
836 3954 862 3995 n.
884 3939 931 4009 143
950 3938 1021 4007 apud
1039 3938 1134 4006 Migne
1151 3937 1227 3993 Patr.

133 4015 183 4072 lut.
203 4020 224 4072 t,
243 4017 285 4080 36,
313 4031 338 4082 p.
364 4015 425 4071 463.
514 4014 538 4086 ,5)
558 4015 586 4069 O.
606 4015 658 4083 Qui
675 4017 781 4072 sincera
799 4018 854 4074 cit..
929 4020 949 4086 ὅ)
969 4018 998 4076 0.
1018 4017 1161 4073 Consuluit
1179 4017 1225 4074 cit.
