3218 5446
648 511 700 567 111.
718 511 759 567 De
777 512 881 581 regulis
899 513 1138 581 interpretationis
1156 513 1257 568 decreti

405 689 551 775 episcopi
576 713 601 754 s.
626 690 724 755 Pauli
749 692 837 756 lacta
861 691 1019 772 deflectit,
1044 714 1110 757 uon
1135 702 1213 774 suut
1240 692 1332 777 leges
1353 693 1512 780 discipli·

406 809 503 852 nares
537 810 595 852 seu
627 810 716 853 mere
747 789 1002 871 ecclesiasticae,
1040 791 1100 855 sed
1125 813 1202 856 vero
1227 791 1320 875 tales,
1355 816 1442 879 quae
1467 796 1511 858 in

406 886 521 951 divino
545 896 578 950 et
602 887 743 951 naturali
763 889 839 974 jure
857 889 983 952 censeri
1008 888 1153 954 debeant
1176 890 1315 955 firmiter
1331 891 1511 957 fundatae.

407 985 484 1064 Qua
507 985 548 1049 de
572 1008 608 1050 re
631 988 658 1050 si
683 989 758 1072 quis
782 986 877 1072 plura
893 987 1008 1051 videre
1032 989 1155 1074 cupiat,
1181 988 1354 1054 consulere
1368 993 1510 1075 poterit,

404 1105 490 1169 quae
514 1086 604 1148 circa
627 1096 801 1171 utramque
815 1084 922 1168 legem
937 1084 1019 1151 alibi
1032 1086 1099 1169 jam
1115 1089 1239 1172 scripta
1253 1110 1274 1150 a
1290 1087 1387 1152 nobis
1402 1098 1485 1152 sunt
1498 1115 1508 1170 3

405 1181 446 1245 de
470 1184 571 1267 priori
604 1184 740 1270 quidem
773 1206 830 1248 seu
861 1183 903 1247 de
934 1184 1150 1250 fundamento
1176 1186 1344 1250 interdicti
1374 1186 1506 1252 aliena·

405 1282 505 1345 tionis
527 1283 598 1345 sive
622 1283 780 1346 cessionis
809 1283 896 1367 juris
923 1284 1092 1368 acquisiti:
1130 1286 1165 1348 in
1193 1284 1428 1364 ,Commentan
1466 1288 1509 1350 in

406 1379 523 1446 concil.
548 1380 640 1445 balt‘
665 1383 719 1445 cit.
745 1392 837 1465 parte
863 1382 879 1444 l
905 1403 962 1466 pp.
989 1382 1179 1463 leo-1913
1219 1383 1260 1448 de
1292 1382 1396 1448 altera
1420 1406 1510 1448 vere

405 1500 464 1542 seu
488 1478 529 1542 de
549 1479 623 1557 jure
647 1479 762 1543 divino
779 1489 811 1542 st
826 1479 979 1562 naturali,
1004 1502 1069 1565 quo
1090 1480 1180 1566 leges
1193 1481 1446 1548 baltimorenses
1460 1484 1509 1548 de

406 1578 476 1662 ipsa
484 1578 675 1663 juventutis
699 1577 896 1642 educatione
922 1579 1085 1645 nituntur:
1109 1581 1144 1643 in
1164 1579 1410 1645 Commentario
1435 1583 1509 1660 ,De

405 1678 579 1740 vocatione
602 1677 645 1740 ad
669 1686 790 1740 statum
816 1674 990 1744 ecclestic.‘
1024 1700 1077 1763 pp.
1103 1679 1267 1744 97-100.

493 1773 543 1838 Ac
567 1774 608 1839 de
632 1774 755 1859 regulis
780 1777 1063 1860 interpretationis
1088 1776 1215 1841 dixisse
1238 1777 1374 1842 abunde
1398 1777 1456 1841 sit!

493 1911 546 1974 82.
572 1911 696 1974 Verum
721 1919 758 1974 ut
781 1919 986 1974 momentum
1011 1909 1112 1995 hujus
1145 1909 1316 1974 doctrinae
1341 1932 1417 1975 cum
1442 1911 1503 1975 ali-

405 2031 471 2094 qua
501 2008 544 2072 ad
576 2004 708 2094 praxim
741 2008 884 2072 utilitate
917 2031 959 2072 ex
991 2006 1161 2072 nonnullis
1198 2008 1423 2093 singularibus
1447 2032 1506 2073 ex-

405 2107 523 2193 emplis
546 2110 724 2197 propositis
740 2107 873 2172 facilius
888 2109 1082 2193 perspicias,
1108 2116 1209 2193 utque
1225 2129 1284 2192 per
1298 2130 1338 2171 ea
1354 2109 1506 2173 monitus

405 2205 543 2291 provide
568 2229 697 2290 caveas,
737 2206 780 2270 ad
818 2215 1004 2270 extremum
1044 2205 1243 2270 documento
1283 2205 1345 2270 tibi
1375 2205 1505 2270 habeas

404 2304 526 2369 selecta
550 2305 714 2391 quaedam
733 2305 865 2391 judicia
890 2305 931 2369 de
956 2303 1067 2369 indole
1091 2325 1131 2368 ac
1144 2303 1256 2368 valore
1281 2303 1406 2368 decreti
1421 2304 1504 2369 tole·

404 2405 532 2468 rantiae
556 2406 591 2468 in
615 2427 715 2468 causa
749 2403 948 2468 scholastica
979 2402 1122 2467 duarum
1146 2402 1381 2488 parochiarum
1407 2405 1504 2468 Fari·

405 2500 498 2563 bault
520 2511 553 2565 et
577 2503 754 2568 Stillwater
778 2504 869 2582 editi,
895 2526 990 2589 quae,
1021 2504 1192 2567 canonicis
1216 2504 1503 2588 interpretationis

404 2598 526 2682 regulis
551 2603 687 2687 insuper
709 2602 843 2685 habitis,
868 2624 888 2666 a
913 2601 1081 2666 nonnullis
1098 2603 1181 2666 viris
1204 2601 1350 2687 politicis
1365 2603 1399 2664 in
1418 2602 1502 2666 cele-

405 2697 571 2763 brioribus
594 2699 869 2784 ephemeridibus
892 2700 960 2764 lata
984 2711 1072 2785 suut,
1103 2701 1193 2765 unde
1217 2701 1376 2785 opinione
1400 2703 1502 2764 citius

403 2817 462 2881 per
486 2806 663 2884 utrumque
688 2799 802 2863 orbem
826 2799 1044 2863 disseminata
1070 2801 1330 2885 conspiciuntur.

493 2895 732 2981 Ephemerides
755 2898 966 2979 ‚L’Univers‘
990 2908 1023 2961 et
1045 2899 1104 2980 ‚Le
1130 2901 1296 2963 moniteur
1320 2898 1362 2962 de
1381 2899 1500 2962 Rome‘

404 2996 439 3057 in
463 2995 630 3060 efferendo
656 2996 769 3060 valore
793 2996 917 3060 decreti
943 2998 977 3060 in
994 2997 1085 3060 hunc
1100 2997 1237 3061 modum
1253 2997 1499 3082 ampullantur:

403 3092 481 3174 ,Nol
505 3117 547 3158 ne
572 3105 650 3179 peut
674 3095 801 3177 douter,
826 3118 890 3182 que
912 3094 960 3159 les
984 3094 1135 3160 hommes
1159 3096 1201 3160 de
1226 3099 1368 3180 science‚
1393 3096 1433 3160 de
1451 3097 1499 3160 foi

404 3201 436 3255 et
461 3192 501 3256 de
525 3203 664 3278 respect,
690 3195 746 3280 qui
771 3204 829 3258 ont
856 3196 924 3279 pris
949 3205 1024 3281 part
1048 3195 1069 3257 ὲ
1093 3217 1148 3258 ces
1172 3193 1301 3275 debeis,
1327 3216 1369 3257 ne
1393 3195 1500 3258 soient

404 3292 579 3354 unanimes
612 3295 863 3357 areconnaitre
895 3293 978 3357 dans
1009 3293 1040 3356 la
1074 3292 1225 3357 decision
1258 3301 1331 3355 tout
1364 3314 1401 3356 ce
1433 3314 1498 3377 que

404 3386 507 3451 Rome
522 3411 553 3472 ,γ
578 3412 598 3452 a
622 3391 734 3470 mis‘¹).

493 3487 620 3552 Eadem
652 3488 839 3574 ephemeris
877 3490 936 3572 ,Le
972 3491 1138 3554 moniteur
1172 3488 1213 3552 de
1248 3488 1364 3552 Rome‘
1397 3488 1494 3574 paulo

403 3593 501 3648 antea
518 3608 594 3649 cum
613 3609 734 3671 magna
749 3587 899 3673 emphasi
918 3588 958 3651 de
976 3588 1184 3652 documentis
1200 3587 1243 3651 ad
1258 3586 1346 3650 hano
1363 3609 1495 3652 oausam

403 3684 631 3767 spectantibus
655 3687 845 3770 scripserat:
872 3686 975 3767 ,Nous
993 3687 1133 3750 n'avous
1159 3708 1217 3770 pas
1241 3685 1357 3750 besoin
1383 3686 1424 3750 de
1449 3709 1494 3750 re·

402 3779 494 3844 lever
517 3781 745 3868 l'importance
770 3784 811 3848 do
836 3793 921 3848 cette
946 3784 1099 3849 decision
1133 3794 1165 3847 et
1198 3783 1238 3847 de
1273 3805 1324 3846 ses
1355 3782 1496 3869 explica-

402 3880 498 3961 tions,
524 3883 579 3966 qui
606 3891 818 3969 marqueront
841 3904 907 3946 une
931 3882 1007 3947 date
1033 3885 1116 3947 dans
1140 3881 1301 3946 l⁷histoire
1318 3881 1495 3967 del'eglise

405 4002 472 4043 aux
496 3980 740 4063 Etats·Unis‘²).

498 4140 518 4210 ¹)
538 4141 584 4212 ,Le
602 4140 739 4195 mouiteur
756 4141 790 4194 de
807 4140 908 4205 Rome,
927 4140 952 4197 d.
976 4141 1015 4198 ll.
1035 4140 1113 4195 Junii
1133 4139 1212 4194 1892.
1287 4138 1309 4210 ²)
1328 4141 1358 4195 D.
1375 4141 1417 4196 12.
1431 4141 1496 4210 Maji

405 4220 482 4276 1892.
502 4221 646 4275 Caeterum
664 4222 696 4274 de
714 4227 801 4288 parte,
832 4235 913 4286 quam
936 4221 983 4286 ,Le
1008 4221 1145 4274 moniteur
1164 4220 1197 4275 de
1215 4220 1307 4274 Rome‘
1333 4221 1362 4275 in
1382 4237 1496 4276 causae

403 4303 479 4358 Rmo.
499 4302 566 4358 Duo.
580 4301 687 4356 Ireland
705 4301 844 4369 proposita
862 4301 966 4367 habuit,
985 4301 1055 4355 mira
1073 4306 1170 4354 narrat
1188 4300 1284 4355 folium
1303 4301 1337 4372 ,11
1349 4302 1447 4356 diritto
1465 4303 1492 4357 di

403 4383 497 4436 Roma‘
516 4383 540 4440 d.
563 4384 584 4438 l.
606 4381 670 4450 Maji
691 4382 773 4450 1892;
792 4381 838 4436 sed
856 4381 944 4449 magis
963 4381 1032 4435 mira
1045 4379 1169 4435 referunt
1181 4396 1299 4450 magnae
1312 4381 1495 4450 ephemerides

403 4463 552 4518 catholicae
576 4469 695 4530 exterae,
722 4470 755 4517 ut
785 4478 853 4528 ecce,
876 4463 1036 4517 trevirensis
1067 4462 1162 4528 ,Trica
1180 4462 1412 4532 Landeszeitung‘
1441 4464 1494 4534 (die

920 4570 975 4642 (58)
